2940 4996
147 449 197 513 De
216 449 394 512 Coloribus
416 449 694 513 Vestimenlorum
711 449 747 511 in
764 449 857 512 Eccl.
875 449 1075 512 liconiensi.
1133 447 1198 512 389

118 657 169 720 De
186 659 288 720 rubeo
306 657 426 721 colore.

90 760 230 825 Rubeus
254 760 344 824 color
359 762 477 845 igneus
494 764 546 824 est
561 766 596 823 et
619 761 835 845 sanguineus,
852 761 985 825 caritati
1009 759 1154 845 Spiritus
1170 765 1204 823 et

152 863 305 928 effusioni
322 865 495 949 sanguinis
511 863 712 940 consimilis:
737 864 811 928 ideo
827 865 973 929 utendus
991 870 1053 941 est,

91 968 135 1031 In
150 968 278 1052 Vigilia
296 972 330 1032 et
345 969 378 1030 in
395 968 447 1031 die
464 974 499 1031 et
520 988 581 1051 per
596 968 837 1032 hebdomadam
859 968 1076 1031 Pentecosten
1100 987 1205 1051 usque

148 1071 190 1134 ad
205 1072 342 1136 Festum
360 1071 486 1135 Sanctae
503 1071 702 1134 Trinitatis:

88 1175 138 1238 Et
159 1175 193 1238 in
216 1175 328 1239 Festis
351 1177 498 1238 omnium
520 1175 760 1258 Apostolorum
785 1182 821 1239 et
846 1172 1143 1258 Evangelistarum
1167 1179 1201 1236 et

146 1280 291 1343 omnium
316 1280 502 1363 Martyrum
518 1301 577 1364 per
598 1285 706 1343 totum
722 1301 859 1355 annum,
875 1284 998 1364 praeter
1020 1276 1205 1341 Decollati-
1308 1323 1315 1340 t

143 1404 240 1446 onem
268 1385 374 1447 sancti
400 1384 565 1447 Johannis
594 1384 755 1467 Baptistae
784 1389 820 1446 et
845 1383 983 1446 Festum
1009 1385 1201 1446 sanctorum

150 1489 390 1564 Innocentium,
415 1489 546 1573 quando
575 1489 754 1552 secundum
779 1489 965 1552 Romanum
989 1508 1113 1550 morem
1137 1487 1207 1549 vio-

147 1591 251 1656 laceis
275 1594 432 1656 utendum
456 1600 517 1669 est,
535 1595 613 1678 quia
636 1593 677 1658 ad
699 1594 841 1656 limbum
866 1593 1120 1657 descenderunt.
1166 1592 1204 1655 In
1265 1664 1267 1670 ¹

148 1695 285 1760 Octavis
315 1703 427 1760 tamen
458 1703 648 1760 sanctorum
680 1697 924 1773 Innocentium,
953 1696 1032 1779 quia
1062 1695 1206 1760 Octavus

147 1801 415 1864 Resurrectionis
439 1803 582 1887 signant,
603 1801 718 1864 rubeis
739 1800 947 1864 indumentis
971 1804 1024 1863 est
1046 1800 1205 1863 utendum

154 1903 330 1967 similiter:

94 2009 137 2072 In
168 2013 309 2092 utroque
339 2009 440 2072 Festo
472 2016 592 2072 sanctae
624 2008 741 2073 Crucis
769 2016 805 2074 et
835 2008 1206 2073 commemorationibus

142 2114 301 2196 ejusdem,
319 2115 396 2196 quia
413 2113 539 2177 Christi
556 2116 718 2199 sanguine
736 2121 788 2179 est
805 2114 1026 2179 sanctificata.

117 2217 170 2280 De
187 2238 302 2280 croceo
319 2218 441 2281 colore.

94 2321 244 2385 Oroceus
260 2321 350 2384 color
372 2327 510 2404 aspectu
526 2327 579 2386 est
601 2327 764 2397 maturus,
782 2325 816 2384 et
839 2320 968 2385 medius
988 2321 1077 2386 inter
1091 2321 1205 2386 album

154 2432 189 2489 et
204 2427 352 2502 rubeum,
369 2447 449 2489 auro
467 2426 586 2490 similis
601 2427 760 2510 fulgenti.

98 2531 180 2594 Ideo
196 2531 230 2592 in
247 2531 398 2595 omnibu:
411 2530 522 2593 Festis
538 2529 786 2605 Confessorum,
800 2535 834 2593 et
851 2529 1031 2592 secundum
1049 2530 1209 2613 quosdam

150 2635 185 2696 in
201 2634 302 2698 Festo
320 2634 537 2718 Magdalenae‚
554 2634 680 2696 croceis
697 2639 750 2696 est
766 2633 925 2696 utendum
944 2633 1164 2697 vestimentis.

61 2806 63 2810 ,
94 2737 225 2803 Tamen
238 2738 389 2802 Ecclesia
401 2739 551 2802 Romana
562 2738 648 2802 albis
661 2739 771 2802 utitur
785 2739 820 2801 in
833 2737 946 2802 Festis
959 2737 1207 2802 Confessorum.

124 2843 177 2905 De
192 2842 345 2905 violaceo
362 2843 483 2904 colore.

100 2947 282 3011 Violaceus
292 2947 345 3010 vel
354 2967 541 3031 purpureus
553 2946 665 3010 fuscus
676 2953 709 3010 et
721 2948 883 3011 obscurus
893 2969 931 3012 ac
942 2949 1015 3011 visu
1026 2948 1208 3032 disparens,

154 3053 354 3136 poenitentiae
371 3058 405 3114 et
421 3050 597 3134 despectu:
613 3051 728 3114 mundi
745 3057 797 3114 est
812 3051 1032 3115 indicativus:
1056 3052 1142 3127 ideo,

94 3158 137 3220 ln
170 3156 343 3220 Dominica
376 3155 484 3237 prima
516 3155 691 3218 Adventus
727 3154 869 3232 Domini,
901 3160 1039 3240 propter
1073 3162 1206 3241 tempus

155 3262 261 3326 anxiae
278 3260 540 3343 expectationis:

100 3368 147 3430 Et
170 3366 322 3428 omnibus
345 3365 461 3427 diebus
484 3365 668 3442 ferialibus,
693 3365 823 3447 quando
847 3365 887 3428 de
912 3372 1060 3450 tempore
1084 3367 1208 3452 agitur,

156 3491 261 3553 usque
278 3469 319 3532 ad
336 3468 506 3550 Vesperas
523 3470 556 3530 in
573 3468 703 3553 Vigilia
719 3469 922 3534 Nativitatis
937 3468 1093 3533 Domini:

101 3576 148 3638 Et
162 3597 182 3638 a
197 3573 361 3656 Vesperis
377 3574 410 3635 in
436 3573 583 3637 Sabbato
609 3574 880 3658 Septuagesimae,
897 3575 1029 3659 quando
1046 3574 1213 3640 clauditur

152 3678 311 3752 Alleluia,
345 3698 449 3760 usque
488 3678 530 3741 ad
567 3676 698 3740 Coenam
738 3676 895 3753 Domini3
934 3678 987 3741 vel
1026 3679 1207 3743 secundum

156 3781 316 3865 quasdam
333 3780 513 3855 Ecclesias,
530 3802 636 3862 usque
653 3779 862 3844 Dominicam
880 3781 914 3843 in
931 3781 1108 3844 Passione:

104 3885 149 3949 Et
164 3887 198 3947 in
215 3884 477 3961 Rogationibus:

101 3989 148 4053 Et
159 3990 193 4052 in
203 3988 367 4071 Quattuor
378 3988 597 4071 Temporibus
615 3995 711 4053 extra
723 3988 960 4052 hebdomadam
976 3989 1211 4054 Pentecostes:

100 4093 145 4156 Et
168 4093 202 4155 in
228 4093 381 4155 omnibus
406 4090 543 4174 Vigiliis
573 4092 769 4155 Sanctorum
794 4099 931 4177 propter
953 4099 1086 4176 tempus
1111 4097 1211 4178 poeni-

155 4197 279 4272 tentiae,
304 4197 481 4280 purpureis
508 4196 562 4258 vel
587 4197 744 4261 violaceis
768 4204 821 4261 est
847 4198 1022 4261 utendum:
1062 4197 1107 4261 Et
1132 4206 1213 4264 nota

158 4302 246 4384 quod
262 4320 450 4384 purpureus
467 4305 502 4363 et
518 4301 686 4364 violaceus
703 4302 794 4365 color
810 4323 869 4386 pro
886 4301 999 4364 eodem
1018 4302 1194 4366 habentur.
