<?xml version="1.0" encoding="UTF-8"?>
<!DOCTYPE html PUBLIC "-//W3C//DTD XHTML 1.0 Transitional//EN"
    "http://www.w3.org/TR/xhtml1/DTD/xhtml1-transitional.dtd">
<html xmlns="http://www.w3.org/1999/xhtml" xml:lang="en" lang="en">
 <head>
  <title>
</title>
<meta http-equiv="Content-Type" content="text/html;charset=utf-8" />
  <meta name='ocr-system' content='tesseract 3.04.00' />
  <meta name='ocr-capabilities' content='ocr_page ocr_carea ocr_par ocr_line ocrx_word'/>
</head>
<body>
  <div class='ocr_page' id='page_1' title='image "./liberpontifical01baingoog_0402.png"; bbox 0 0 2940 4996; ppageno 0'>
   <div class='ocr_carea' id='block_1_1' title="bbox 512 419 955 484">
    <p class='ocr_par' dir='ltr' id='par_1_1' title="bbox 512 419 955 484">
     <span class='ocr_line' id='line_1_1' title="bbox 512 419 955 484; baseline -0.002 -1"><span class='ocrx_word' id='word_1_1' title='bbox 512 421 775 484; x_wconf 82' lang='lat' dir='ltr'><strong>Benedictionce</strong></span> <span class='ocrx_word' id='word_1_2' title='bbox 792 419 955 482; x_wconf 79' lang='lat' dir='ltr'><strong>Diversae.</strong></span> 
     </span>
    </p>
   </div>
   <div class='ocr_carea' id='block_1_2' title="bbox 417 762 1052 832">
    <p class='ocr_par' dir='ltr' id='par_1_2' title="bbox 417 762 1052 832">
     <span class='ocr_line' id='line_1_2' title="bbox 417 762 1052 832; baseline 0.003 -6"><span class='ocrx_word' id='word_1_3' title='bbox 417 762 583 828; x_wconf 82' lang='lat' dir='ltr'><strong>ORATIO</strong></span> <span class='ocrx_word' id='word_1_4' title='bbox 607 766 692 831; x_wconf 87' lang='lat' dir='ltr'><strong>PRO</strong></span> <span class='ocrx_word' id='word_1_5' title='bbox 715 765 1052 832; x_wconf 83' lang='lat' dir='ltr'><strong>REGNANTIBUS.</strong></span> 
     </span>
    </p>
   </div>
   <div class='ocr_carea' id='block_1_3' title="bbox 158 948 1319 1250">
    <p class='ocr_par' dir='ltr' id='par_1_3' title="bbox 158 948 1319 1250">
     <span class='ocr_line' id='line_1_3' title="bbox 202 948 1317 1042; baseline 0.002 -32"><span class='ocrx_word' id='word_1_6' title='bbox 202 948 420 1034; x_wconf 80' lang='lat' dir='ltr'><strong>Omnipotens</strong></span> <span class='ocrx_word' id='word_1_7' title='bbox 444 959 479 1017; x_wconf 89' lang='lat' dir='ltr'><strong>et</strong></span> <span class='ocrx_word' id='word_1_8' title='bbox 494 955 687 1020; x_wconf 79' lang='lat' dir='ltr'><strong>misericors</strong></span> <span class='ocrx_word' id='word_1_9' title='bbox 702 958 808 1034; x_wconf 91' lang='lat' dir='ltr'><strong>Deus,</strong></span> <span class='ocrx_word' id='word_1_10' title='bbox 824 957 921 1041; x_wconf 88' lang='lat' dir='ltr'><strong>eujus</strong></span> <span class='ocrx_word' id='word_1_11' title='bbox 942 972 1239 1042; x_wconf 80' lang='lat' dir='ltr'><strong>regnumregnurn</strong></span> <span class='ocrx_word' id='word_1_12' title='bbox 1263 955 1317 1013; x_wconf 86' lang='lat' dir='ltr'><strong>est</strong></span> 
     </span>
     <span class='ocr_line' id='line_1_4' title="bbox 158 1052 1314 1144; baseline 0.004 -32"><span class='ocrx_word' id='word_1_13' title='bbox 158 1052 305 1115; x_wconf 92' lang='lat' dir='ltr'><strong>omnium</strong></span> <span class='ocrx_word' id='word_1_14' title='bbox 322 1056 529 1133; x_wconf 84' lang='lat' dir='ltr'><strong>saeculorum,</strong></span> <span class='ocrx_word' id='word_1_15' title='bbox 548 1061 812 1144; x_wconf 82' lang='lat' dir='ltr'>supplicationes</span> <span class='ocrx_word' id='word_1_16' title='bbox 828 1068 965 1126; x_wconf 85' lang='lat' dir='ltr'><strong>nostrae</strong></span> <span class='ocrx_word' id='word_1_17' title='bbox 984 1059 1169 1123; x_wconf 91' lang='lat' dir='ltr'><strong>clementer</strong></span> <span class='ocrx_word' id='word_1_18' title='bbox 1184 1054 1314 1130; x_wconf 86' lang='lat' dir='ltr'><strong>exaudi,</strong></span> 
     </span>
     <span class='ocr_line' id='line_1_5' title="bbox 158 1154 1319 1250; baseline 0.003 -33"><span class='ocrx_word' id='word_1_19' title='bbox 158 1160 192 1218; x_wconf 86' lang='lat' dir='ltr'><strong>ct</strong></span> <span class='ocrx_word' id='word_1_20' title='bbox 207 1154 435 1222; x_wconf 90' lang='lat' dir='ltr'><strong>Romanorum</strong></span> <span class='ocrx_word' id='word_1_21' title='bbox 451 1182 570 1246; x_wconf 87' lang='lat' dir='ltr'><strong>regum</strong></span> <span class='ocrx_word' id='word_1_22' title='bbox 586 1164 649 1227; x_wconf 88' lang='lat' dir='ltr'><strong>tibi</strong></span> <span class='ocrx_word' id='word_1_23' title='bbox 666 1165 835 1230; x_wconf 91' lang='lat' dir='ltr'><strong>subditum</strong></span> <span class='ocrx_word' id='word_1_24' title='bbox 853 1171 995 1250; x_wconf 83' lang='lat' dir='ltr'><strong>protege</strong></span> <span class='ocrx_word' id='word_1_25' title='bbox 1010 1161 1255 1247; x_wconf 79' lang='lat' dir='ltr'><strong>principatum3</strong></span> <span class='ocrx_word' id='word_1_26' title='bbox 1279 1163 1319 1221; x_wconf 91' lang='lat' dir='ltr'><strong>ut</strong></span> 
     </span>
    </p>
   </div>
   <div class='ocr_carea' id='block_1_4' title="bbox 155 1257 1315 1443">
    <p class='ocr_par' dir='ltr' id='par_1_4' title="bbox 155 1257 1315 1443">
     <span class='ocr_line' id='line_1_6' title="bbox 155 1257 1315 1352; baseline 0.006 -35"><span class='ocrx_word' id='word_1_27' title='bbox 155 1257 190 1318; x_wconf 92' lang='lat' dir='ltr'><strong>in</strong></span> <span class='ocrx_word' id='word_1_28' title='bbox 206 1263 265 1322; x_wconf 91' lang='lat' dir='ltr'><strong>tua</strong></span> <span class='ocrx_word' id='word_1_29' title='bbox 281 1261 408 1325; x_wconf 85' lang='lat' dir='ltr'><strong>virtute</strong></span> <span class='ocrx_word' id='word_1_30' title='bbox 432 1265 584 1341; x_wconf 87' lang='lat' dir='ltr'><strong>fidentes,</strong></span> <span class='ocrx_word' id='word_1_31' title='bbox 602 1272 637 1329; x_wconf 92' lang='lat' dir='ltr'><strong>et</strong></span> <span class='ocrx_word' id='word_1_32' title='bbox 653 1267 714 1330; x_wconf 92' lang='lat' dir='ltr'><strong>tibi</strong></span> <span class='ocrx_word' id='word_1_33' title='bbox 731 1268 888 1352; x_wconf 78' lang='lat' dir='ltr'>placeant</span> <span class='ocrx_word' id='word_1_34' title='bbox 903 1272 938 1331; x_wconf 87' lang='lat' dir='ltr'><strong>et</strong></span> <span class='ocrx_word' id='word_1_35' title='bbox 961 1286 1062 1349; x_wconf 91' lang='lat' dir='ltr'><strong>super</strong></span> <span class='ocrx_word' id='word_1_36' title='bbox 1080 1263 1193 1327; x_wconf 90' lang='lat' dir='ltr'><strong>omnia</strong></span> <span class='ocrx_word' id='word_1_37' title='bbox 1208 1283 1315 1348; x_wconf 83' lang='lat' dir='ltr'><strong>regna</strong></span> 
     </span>
     <span class='ocr_line' id='line_1_7' title="bbox 157 1361 485 1443; baseline 0.027 -23"><span class='ocrx_word' id='word_1_38' title='bbox 157 1361 362 1443; x_wconf 79' lang='lat' dir='ltr'><strong>praecellant.</strong></span> <span class='ocrx_word' id='word_1_39' title='bbox 408 1366 485 1430; x_wconf 91' lang='lat' dir='ltr'><strong>Per.</strong></span> 
     </span>
    </p>
   </div>
   <div class='ocr_carea' id='block_1_5' title="bbox 158 1465 1318 1966">
    <p class='ocr_par' dir='ltr' id='par_1_5' title="bbox 199 1465 285 1522">
     <span class='ocr_line' id='line_1_8' title="bbox 199 1465 285 1522; baseline 0.023 -2"><span class='ocrx_word' id='word_1_40' title='bbox 199 1465 285 1522; x_wconf 83' lang='lat' dir='ltr'><strong>Alia.</strong></span> 
     </span>
    </p>

    <p class='ocr_par' dir='ltr' id='par_1_6' title="bbox 158 1562 1318 1966">
     <span class='ocr_line' id='line_1_9' title="bbox 202 1562 1316 1657; baseline 0.006 -32"><span class='ocrx_word' id='word_1_41' title='bbox 202 1562 422 1648; x_wconf 86' lang='lat' dir='ltr'><strong>Omnipotens</strong></span> <span class='ocrx_word' id='word_1_42' title='bbox 444 1570 649 1653; x_wconf 76' lang='lat' dir='ltr'><strong>sempiterne</strong></span> <span class='ocrx_word' id='word_1_43' title='bbox 672 1569 775 1647; x_wconf 90' lang='lat' dir='ltr'><strong>Deus,</strong></span> <span class='ocrx_word' id='word_1_44' title='bbox 797 1572 854 1656; x_wconf 91' lang='lat' dir='ltr'><strong>qui</strong></span> <span class='ocrx_word' id='word_1_45' title='bbox 877 1571 992 1657; x_wconf 83' lang='lat' dir='ltr'><strong>regnis</strong></span> <span class='ocrx_word' id='word_1_46' title='bbox 1015 1570 1170 1635; x_wconf 89' lang='lat' dir='ltr'><strong>omnibus</strong></span> <span class='ocrx_word' id='word_1_47' title='bbox 1193 1572 1316 1632; x_wconf 83' lang='lat' dir='ltr'><strong>aeterno</strong></span> 
     </span>
     <span class='ocr_line' id='line_1_10' title="bbox 158 1666 1315 1759; baseline 0.008 -31"><span class='ocrx_word' id='word_1_48' title='bbox 158 1666 343 1733; x_wconf 88' lang='lat' dir='ltr'><strong>dominaris</strong></span> <span class='ocrx_word' id='word_1_49' title='bbox 375 1671 538 1755; x_wconf 91' lang='lat' dir='ltr'><strong>imperio;</strong></span> <span class='ocrx_word' id='word_1_50' title='bbox 572 1675 699 1738; x_wconf 90' lang='lat' dir='ltr'><strong>inclina</strong></span> <span class='ocrx_word' id='word_1_51' title='bbox 729 1676 771 1738; x_wconf 89' lang='lat' dir='ltr'><strong>ad</strong></span> <span class='ocrx_word' id='word_1_52' title='bbox 805 1697 923 1759; x_wconf 91' lang='lat' dir='ltr'><strong>preces</strong></span> <span class='ocrx_word' id='word_1_53' title='bbox 958 1675 1161 1739; x_wconf 88' lang='lat' dir='ltr'><strong>humilitatis</strong></span> <span class='ocrx_word' id='word_1_54' title='bbox 1191 1677 1315 1737; x_wconf 82' lang='lat' dir='ltr'><strong>nostrae</strong></span> 
     </span>
     <span class='ocr_line' id='line_1_11' title="bbox 160 1775 1318 1864; baseline 0.004 -31"><span class='ocrx_word' id='word_1_55' title='bbox 160 1792 260 1835; x_wconf 87' lang='lat' dir='ltr'><strong>aures</strong></span> <span class='ocrx_word' id='word_1_56' title='bbox 284 1775 522 1841; x_wconf 80' lang='lat' dir='ltr'><strong>misericordiae</strong></span> <span class='ocrx_word' id='word_1_57' title='bbox 539 1783 615 1853; x_wconf 75' lang='lat' dir='ltr'><strong>tua,</strong></span> <span class='ocrx_word' id='word_1_58' title='bbox 632 1785 667 1842; x_wconf 86' lang='lat' dir='ltr'><strong>et</strong></span> <span class='ocrx_word' id='word_1_59' title='bbox 688 1777 831 1842; x_wconf 89' lang='lat' dir='ltr'><strong>Romani</strong></span> <span class='ocrx_word' id='word_1_60' title='bbox 847 1780 944 1864; x_wconf 88' lang='lat' dir='ltr'><strong>regni</strong></span> <span class='ocrx_word' id='word_1_61' title='bbox 961 1779 1080 1843; x_wconf 78' lang='lat' dir='ltr'><strong>adesto</strong></span> <span class='ocrx_word' id='word_1_62' title='bbox 1103 1777 1318 1862; x_wconf 86' lang='lat' dir='ltr'><strong>principibus,</strong></span> 
     </span>
     <span class='ocr_line' id='line_1_12' title="bbox 160 1879 1317 1966; baseline 0.004 -29"><span class='ocrx_word' id='word_1_63' title='bbox 160 1880 199 1938; x_wconf 91' lang='lat' dir='ltr'><strong>ut</strong></span> <span class='ocrx_word' id='word_1_64' title='bbox 221 1879 470 1963; x_wconf 82' lang='lat' dir='ltr'><strong>tranquillitate</strong></span> <span class='ocrx_word' id='word_1_65' title='bbox 494 1902 665 1956; x_wconf 88' lang='lat' dir='ltr'><strong>concessa,</strong></span> <span class='ocrx_word' id='word_1_66' title='bbox 684 1889 742 1945; x_wconf 86' lang='lat' dir='ltr'><strong>tua</strong></span> <span class='ocrx_word' id='word_1_67' title='bbox 764 1883 833 1946; x_wconf 89' lang='lat' dir='ltr'><strong>sint</strong></span> <span class='ocrx_word' id='word_1_68' title='bbox 856 1904 989 1966; x_wconf 86' lang='lat' dir='ltr'><strong>semper</strong></span> <span class='ocrx_word' id='word_1_69' title='bbox 1014 1882 1138 1945; x_wconf 88' lang='lat' dir='ltr'><strong>virtute</strong></span> <span class='ocrx_word' id='word_1_70' title='bbox 1162 1881 1317 1944; x_wconf 87' lang='lat' dir='ltr'><strong>victores.</strong></span> 
     </span>
    </p>
   </div>
   <div class='ocr_carea' id='block_1_6' title="bbox 161 1978 1319 2371">
    <p class='ocr_par' dir='ltr' id='par_1_7' title="bbox 161 1978 235 2042">
     <span class='ocr_line' id='line_1_13' title="bbox 161 1978 235 2042; baseline 0.027 -2"><span class='ocrx_word' id='word_1_71' title='bbox 161 1978 235 2042; x_wconf 87' lang='lat' dir='ltr'><strong>Per.</strong></span> 
     </span>
    </p>

    <p class='ocr_par' dir='ltr' id='par_1_8' title="bbox 202 2082 284 2140">
     <span class='ocr_line' id='line_1_14' title="bbox 202 2082 284 2140; baseline 0.024 -2"><span class='ocrx_word' id='word_1_72' title='bbox 202 2082 284 2140; x_wconf 79' lang='lat' dir='ltr'><strong>Alia.</strong></span> 
     </span>
    </p>

    <p class='ocr_par' dir='ltr' id='par_1_9' title="bbox 161 2176 1319 2371">
     <span class='ocr_line' id='line_1_15' title="bbox 200 2176 1319 2265; baseline 0.002 -25"><span class='ocrx_word' id='word_1_73' title='bbox 200 2176 303 2254; x_wconf 86' lang='lat' dir='ltr'><strong>Deus,</strong></span> <span class='ocrx_word' id='word_1_74' title='bbox 320 2180 355 2242; x_wconf 93' lang='lat' dir='ltr'><strong>in</strong></span> <span class='ocrx_word' id='word_1_75' title='bbox 373 2185 407 2244; x_wconf 92' lang='lat' dir='ltr'><strong>te</strong></span> <span class='ocrx_word' id='word_1_76' title='bbox 425 2183 634 2265; x_wconf 84' lang='lat' dir='ltr'><strong>sperantium</strong></span> <span class='ocrx_word' id='word_1_77' title='bbox 658 2183 752 2247; x_wconf 89' lang='lat' dir='ltr'><strong>salus</strong></span> <span class='ocrx_word' id='word_1_78' title='bbox 769 2189 803 2247; x_wconf 91' lang='lat' dir='ltr'><strong>et</strong></span> <span class='ocrx_word' id='word_1_79' title='bbox 819 2184 881 2248; x_wconf 91' lang='lat' dir='ltr'><strong>tibi</strong></span> <span class='ocrx_word' id='word_1_80' title='bbox 907 2182 1126 2246; x_wconf 89' lang='lat' dir='ltr'><strong>servientium</strong></span> <span class='ocrx_word' id='word_1_81' title='bbox 1144 2180 1319 2255; x_wconf 89' lang='lat' dir='ltr'><strong>fortitudo,</strong></span> 
     </span>
     <span class='ocr_line' id='line_1_16' title="bbox 161 2284 1319 2371; baseline 0.003 -27"><span class='ocrx_word' id='word_1_82' title='bbox 161 2284 293 2367; x_wconf 86' lang='lat' dir='ltr'><strong>suscipe</strong></span> <span class='ocrx_word' id='word_1_83' title='bbox 306 2287 472 2370; x_wconf 87' lang='lat' dir='ltr'><strong>propitius</strong></span> <span class='ocrx_word' id='word_1_84' title='bbox 488 2309 605 2371; x_wconf 86' lang='lat' dir='ltr'><strong>preces</strong></span> <span class='ocrx_word' id='word_1_85' title='bbox 628 2295 774 2364; x_wconf 88' lang='lat' dir='ltr'><strong>nostras,</strong></span> <span class='ocrx_word' id='word_1_86' title='bbox 792 2295 827 2352; x_wconf 87' lang='lat' dir='ltr'><strong>et</strong></span> <span class='ocrx_word' id='word_1_87' title='bbox 841 2288 983 2351; x_wconf 85' lang='lat' dir='ltr'><strong>Romani</strong></span> <span class='ocrx_word' id='word_1_88' title='bbox 1007 2287 1137 2371; x_wconf 92' lang='lat' dir='ltr'><strong>imperii</strong></span> <span class='ocrx_word' id='word_1_89' title='bbox 1155 2284 1319 2350; x_wconf 84' lang='lat' dir='ltr'><strong>auxiliare</strong></span> 
     </span>
    </p>
   </div>
   <div class='ocr_carea' id='block_1_7' title="bbox 157 2380 1318 2555">
    <p class='ocr_par' dir='ltr' id='par_1_10' title="bbox 157 2380 1318 2555">
     <span class='ocr_line' id='line_1_17' title="bbox 157 2380 1318 2475; baseline 0.003 -29"><span class='ocrx_word' id='word_1_90' title='bbox 157 2386 383 2469; x_wconf 80' lang='lat' dir='ltr'><strong>principibus3</strong></span> <span class='ocrx_word' id='word_1_91' title='bbox 408 2398 446 2452; x_wconf 87' lang='lat' dir='ltr'><strong>ut</strong></span> <span class='ocrx_word' id='word_1_92' title='bbox 457 2397 517 2453; x_wconf 88' lang='lat' dir='ltr'><strong>tua</strong></span> <span class='ocrx_word' id='word_1_93' title='bbox 533 2392 741 2473; x_wconf 84' lang='lat' dir='ltr'><strong>protectione</strong></span> <span class='ocrx_word' id='word_1_94' title='bbox 759 2380 892 2465; x_wconf 86' lang='lat' dir='ltr'><strong>muniti,</strong></span> <span class='ocrx_word' id='word_1_95' title='bbox 910 2390 1064 2453; x_wconf 91' lang='lat' dir='ltr'><strong>omnibus</strong></span> <span class='ocrx_word' id='word_1_96' title='bbox 1081 2389 1149 2475; x_wconf 85' lang='lat' dir='ltr'><strong>sint</strong></span> <span class='ocrx_word' id='word_1_97' title='bbox 1163 2387 1318 2450; x_wconf 86' lang='lat' dir='ltr'><strong>hostibus</strong></span> 
     </span>
     <span class='ocr_line' id='line_1_18' title="bbox 161 2488 453 2555; baseline 0.021 -6"><span class='ocrx_word' id='word_1_98' title='bbox 161 2488 331 2553; x_wconf 87' lang='lat' dir='ltr'><strong>fortiores.</strong></span> <span class='ocrx_word' id='word_1_99' title='bbox 379 2493 453 2555; x_wconf 90' lang='lat' dir='ltr'><strong>Per.</strong></span> 
     </span>
    </p>
   </div>
   <div class='ocr_carea' id='block_1_8' title="bbox 410 2679 1063 2747">
    <p class='ocr_par' dir='ltr' id='par_1_11' title="bbox 410 2679 1063 2747">
     <span class='ocr_line' id='line_1_19' title="bbox 410 2679 1063 2747; baseline 0 -4"><span class='ocrx_word' id='word_1_100' title='bbox 410 2679 576 2743; x_wconf 81' lang='lat' dir='ltr'><strong>ORATIO</strong></span> <span class='ocrx_word' id='word_1_101' title='bbox 601 2680 744 2747; x_wconf 88' lang='lat' dir='ltr'>SUPER</span> <span class='ocrx_word' id='word_1_102' title='bbox 768 2681 1063 2746; x_wconf 84' lang='lat' dir='ltr'><strong>MILITANTES.</strong></span> 
     </span>
    </p>
   </div>
   <div class='ocr_carea' id='block_1_9' title="bbox 163 2869 1322 3472">
    <p class='ocr_par' dir='ltr' id='par_1_12' title="bbox 163 2869 1322 3472">
     <span class='ocr_line' id='line_1_20' title="bbox 206 2869 1321 2952; baseline 0.001 -20"><span class='ocrx_word' id='word_1_103' title='bbox 206 2869 309 2944; x_wconf 89' lang='lat' dir='ltr'><strong>Deus,</strong></span> <span class='ocrx_word' id='word_1_104' title='bbox 326 2869 567 2952; x_wconf 84' lang='lat' dir='ltr'><strong>perpetuitatis</strong></span> <span class='ocrx_word' id='word_1_105' title='bbox 590 2874 718 2946; x_wconf 87' lang='lat' dir='ltr'><strong>auctor,</strong></span> <span class='ocrx_word' id='word_1_106' title='bbox 734 2872 801 2933; x_wconf 86' lang='lat' dir='ltr'><strong>dux</strong></span> <span class='ocrx_word' id='word_1_107' title='bbox 825 2872 988 2935; x_wconf 84' lang='lat' dir='ltr'><strong>virtutum</strong></span> <span class='ocrx_word' id='word_1_108' title='bbox 1012 2870 1169 2945; x_wconf 89' lang='lat' dir='ltr'><strong>omnium,</strong></span> <span class='ocrx_word' id='word_1_109' title='bbox 1187 2873 1321 2932; x_wconf 88' lang='lat' dir='ltr'><strong>cuncto·</strong></span> 
     </span>
     <span class='ocr_line' id='line_1_21' title="bbox 164 2971 1321 3056; baseline 0.002 -23"><span class='ocrx_word' id='word_1_110' title='bbox 164 2992 304 3056; x_wconf 90' lang='lat' dir='ltr'><strong>rumque</strong></span> <span class='ocrx_word' id='word_1_111' title='bbox 329 2973 477 3036; x_wconf 86' lang='lat' dir='ltr'><strong>hostium</strong></span> <span class='ocrx_word' id='word_1_112' title='bbox 506 2972 623 3048; x_wconf 87' lang='lat' dir='ltr'><strong>victor,</strong></span> <span class='ocrx_word' id='word_1_113' title='bbox 648 2974 785 3037; x_wconf 90' lang='lat' dir='ltr'><strong>benedic</strong></span> <span class='ocrx_word' id='word_1_114' title='bbox 812 2975 874 3036; x_wconf 92' lang='lat' dir='ltr'><strong>hos</strong></span> <span class='ocrx_word' id='word_1_115' title='bbox 899 2974 1044 3038; x_wconf 86' lang='lat' dir='ltr'><strong>famulos</strong></span> <span class='ocrx_word' id='word_1_116' title='bbox 1068 2980 1147 3035; x_wconf 91' lang='lat' dir='ltr'><strong>tuos</strong></span> <span class='ocrx_word' id='word_1_117' title='bbox 1172 2971 1235 3034; x_wconf 89' lang='lat' dir='ltr'><strong>tibi</strong></span> <span class='ocrx_word' id='word_1_118' title='bbox 1259 2992 1321 3035; x_wconf 87' lang='lat' dir='ltr'><strong>sua</strong></span> 
     </span>
     <span class='ocr_line' id='line_1_22' title="bbox 163 3073 1320 3161; baseline -0.003 -22"><span class='ocrx_word' id='word_1_119' title='bbox 163 3077 276 3160; x_wconf 84' lang='lat' dir='ltr'><strong>capita</strong></span> <span class='ocrx_word' id='word_1_120' title='bbox 296 3076 517 3150; x_wconf 87' lang='lat' dir='ltr'><strong>inclinantes;</strong></span> <span class='ocrx_word' id='word_1_121' title='bbox 543 3077 676 3139; x_wconf 88' lang='lat' dir='ltr'><strong>effunde</strong></span> <span class='ocrx_word' id='word_1_122' title='bbox 702 3097 803 3161; x_wconf 91' lang='lat' dir='ltr'><strong>super</strong></span> <span class='ocrx_word' id='word_1_123' title='bbox 825 3098 883 3140; x_wconf 89' lang='lat' dir='ltr'><strong>eos</strong></span> <span class='ocrx_word' id='word_1_124' title='bbox 902 3076 1047 3160; x_wconf 86' lang='lat' dir='ltr'><strong>gratiam</strong></span> <span class='ocrx_word' id='word_1_125' title='bbox 1071 3073 1212 3149; x_wconf 89' lang='lat' dir='ltr'><strong>firmam,</strong></span> <span class='ocrx_word' id='word_1_126' title='bbox 1229 3079 1264 3137; x_wconf 83' lang='lat' dir='ltr'><strong>et</strong></span> <span class='ocrx_word' id='word_1_127' title='bbox 1286 3074 1320 3136; x_wconf 93' lang='lat' dir='ltr'><strong>in</strong></span> 
     </span>
     <span class='ocr_line' id='line_1_23' title="bbox 165 3177 1321 3264; baseline -0.003 -22"><span class='ocrx_word' id='word_1_128' title='bbox 165 3180 287 3243; x_wconf 89' lang='lat' dir='ltr'><strong>militia</strong></span> <span class='ocrx_word' id='word_1_129' title='bbox 303 3180 337 3242; x_wconf 92' lang='lat' dir='ltr'><strong>in</strong></span> <span class='ocrx_word' id='word_1_130' title='bbox 354 3200 420 3262; x_wconf 89' lang='lat' dir='ltr'><strong>qua</strong></span> <span class='ocrx_word' id='word_1_131' title='bbox 435 3180 567 3263; x_wconf 88' lang='lat' dir='ltr'><strong>probati</strong></span> <span class='ocrx_word' id='word_1_132' title='bbox 582 3180 783 3257; x_wconf 89' lang='lat' dir='ltr'><strong>consistunt,</strong></span> <span class='ocrx_word' id='word_1_133' title='bbox 796 3179 929 3264; x_wconf 83' lang='lat' dir='ltr'><strong>prolixa</strong></span> <span class='ocrx_word' id='word_1_134' title='bbox 946 3177 1092 3242; x_wconf 85' lang='lat' dir='ltr'><strong>sanitate</strong></span> <span class='ocrx_word' id='word_1_135' title='bbox 1105 3180 1140 3239; x_wconf 86' lang='lat' dir='ltr'><strong>et</strong></span> <span class='ocrx_word' id='word_1_136' title='bbox 1155 3177 1321 3259; x_wconf 88' lang='lat' dir='ltr'><strong>prosperi-</strong></span> 
     </span>
     <span class='ocr_line' id='line_1_24' title="bbox 164 3279 1322 3367; baseline -0.006 -18"><span class='ocrx_word' id='word_1_137' title='bbox 164 3290 235 3349; x_wconf 89' lang='lat' dir='ltr'><strong>tate</strong></span> <span class='ocrx_word' id='word_1_138' title='bbox 249 3305 306 3347; x_wconf 89' lang='lat' dir='ltr'><strong>eos</strong></span> <span class='ocrx_word' id='word_1_139' title='bbox 317 3304 490 3358; x_wconf 89' lang='lat' dir='ltr'><strong>conserva,</strong></span> <span class='ocrx_word' id='word_1_140' title='bbox 503 3289 538 3346; x_wconf 92' lang='lat' dir='ltr'><strong>et</strong></span> <span class='ocrx_word' id='word_1_141' title='bbox 551 3283 739 3367; x_wconf 90' lang='lat' dir='ltr'><strong>ubicunque</strong></span> <span class='ocrx_word' id='word_1_142' title='bbox 753 3284 806 3346; x_wconf 88' lang='lat' dir='ltr'><strong>vel</strong></span> <span class='ocrx_word' id='word_1_143' title='bbox 821 3304 880 3366; x_wconf 89' lang='lat' dir='ltr'><strong>pro</strong></span> <span class='ocrx_word' id='word_1_144' title='bbox 894 3283 1146 3366; x_wconf 89' lang='lat' dir='ltr'><strong>quibuscunque</strong></span> <span class='ocrx_word' id='word_1_145' title='bbox 1158 3279 1322 3342; x_wconf 87' lang='lat' dir='ltr'><strong>auxilium</strong></span> 
     </span>
     <span class='ocr_line' id='line_1_25' title="bbox 164 3382 1268 3472; baseline -0.007 -20"><span class='ocrx_word' id='word_1_146' title='bbox 164 3396 257 3452; x_wconf 92' lang='lat' dir='ltr'><strong>tuum</strong></span> <span class='ocrx_word' id='word_1_147' title='bbox 275 3386 515 3461; x_wconf 83' lang='lat' dir='ltr'><strong>invocaverint,</strong></span> <span class='ocrx_word' id='word_1_148' title='bbox 534 3387 600 3449; x_wconf 91' lang='lat' dir='ltr'><strong>cito</strong></span> <span class='ocrx_word' id='word_1_149' title='bbox 617 3387 718 3463; x_wconf 89' lang='lat' dir='ltr'><strong>adsis,</strong></span> <span class='ocrx_word' id='word_1_150' title='bbox 736 3394 906 3472; x_wconf 83' lang='lat' dir='ltr'><strong>protegas,</strong></span> <span class='ocrx_word' id='word_1_151' title='bbox 924 3392 960 3450; x_wconf 84' lang='lat' dir='ltr'><strong>et</strong></span> <span class='ocrx_word' id='word_1_152' title='bbox 974 3384 1148 3448; x_wconf 89' lang='lat' dir='ltr'><strong>defendas.</strong></span> <span class='ocrx_word' id='word_1_153' title='bbox 1193 3382 1268 3446; x_wconf 88' lang='lat' dir='ltr'><strong>Per.</strong></span> 
     </span>
    </p>
   </div>
   <div class='ocr_carea' id='block_1_10' title="bbox 0 0 1503 4996">
    <p class='ocr_par' dir='ltr' id='par_1_13' title="bbox 0 0 1503 4996">
     <span class='ocr_line' id='line_1_26' title="bbox 0 0 1503 4996; baseline 0 0"><span class='ocrx_word' id='word_1_154' title='bbox 0 0 1503 4996; x_wconf 95' lang='lat' dir='ltr'><strong> </strong></span> 
     </span>
    </p>
   </div>
  </div>
 </body>
</html>
