2940 4996
204 401 269 466 256
440 407 661 473 Oonsccnntio
681 407 839 474 Oleocnm
853 415 887 471 ct
906 403 1121 469 Dinismotis.

565 612 639 673 Tota
652 621 742 673 mciitc
755 612 924 690 sacrofonte

596 709 776 786 Effnpantm
788 709 915 768 crimina
925 729 937 780 ,·

600 804 691 863 Uncto
698 802 805 880 fronte,
821 810 1001 862 sacrosancta

594 899 728 974 Inflnnnt
742 899 926 957 charismata.

408 993 528 1053 Chorus.
572 993 794 1071 OBedcmpto‘r.

560 1088 651 1148 Corde
663 1094 748 1146 natns
762 1095 787 1146 ct
800 1088 929 1166 parentis

597 1184 709 1241 Alnnm
722 1182 843 1260 implens
857 1181 991 1259 cirpinis,

597 1279 708 1337 Proestn
722 1278 832 1349 lncem;
852 1277 953 1336 clamis
965 1283 1071 1336 noctem

598 1372 773 1433 Obrismntis
786 1372 968 1432 consentibus.

400 1468 521 1528 Chorus.
566 1467 787 1546 OReolempton

557 1563 603 1622 Sit
617 1563 674 1622 inec
688 1562 831 1640 diesfcstn
844 1563 924 1622 nobis

596 1658 771 1719 Soecnlornm
785 1658 915 1717 soecntis:

495 1841 499 1847 .
596 1754 644 1814 sn
658 1761 772 1812 sacrato
786 1754 871 1813 lande
885 1753 986 1831 dipnn,

598 1849 658 1908 Nec
671 1857 792 1908 senescat
806 1857 937 1928 tempore.

400 1946 522 2006 Chorus.
565 1946 787 2024 ORedcmptor.

248 2042 322 2108 Hoc
345 2041 445 2119 dioto,
469 2048 664 2108 revertatur
687 2043 865 2128 episcopus
889 2040 931 2106 ad
955 2039 1073 2117 altare,
1089 2044 1124 2105 et
1146 2037 1324 2102 deferatur
1345 2056 1366 2098 a

204 2146 305 2212 tertio
328 2146 467 2210 diacono
492 2146 643 2230 ampulla
669 2168 744 2211 eum
771 2146 844 2211 oleo
871 2167 943 2230 quae
969 2146 1073 2210 habet
1095 2141 1291 2208 chrismatis
1317 2139 1366 2201 in·

203 2249 421 2335 scriptionem
456 2255 490 2313 ei
520 2250 705 2314 misceatur
736 2250 771 2313 in
805 2271 847 2314 ea
875 2248 1074 2315 balsamum.
1120 2246 1229 2331 Super
1263 2263 1362 2328 quam

204 2354 393 2438 episcopua,
416 2356 469 2416 ter
496 2351 605 2416 erucis
633 2352 765 2436 signum
791 2352 920 2417 faciens
942 2355 1063 2435 terque
1087 2351 1123 2413 in
1147 2369 1188 2414 ea
1215 2348 1364 2423 sufflans,

205 2476 387 2521 conversus
403 2453 446 2518 ad
461 2454 624 2519 orientem
641 2453 691 2518 ita
705 2456 883 2522 benedicat
898 2454 1047 2520 chrisma
1061 2450 1208 2518 dicens*

248 2560 416 2624 Dominus
431 2559 614 2622 nobiscnm.

250 2662 378 2726 Oratio.
427 2661 575 2737 Occmns,
583 2665 719 2744 fratres
736 2663 921 2739 carissimi,
936 2663 992 2726 do.

250 2764 329 2830 Alia
345 2764 465 2828 oratio.
510 2765 654 2828 Domine
670 2765 761 2829 Dens
777 2766 945 2842 Sabaoth,
961 2766 1017 2829 dic.

251 2870 331 2935 Alia
347 2869 467 2933 oratio.
515 2870 736 2950 Omnipotens
751 2879 784 2933 ct
798 2869 1162 2950 incomprehensibilis,
1177 2867 1239 2932 &c

251 2976 344 3038 Tunc
360 2973 451 3036 dicat
465 2971 580 3036 altiori
596 2992 686 3035 voce.

249 3079 308 3136 Per
322 3075 419 3134 omnin
432 3074 535 3133 soecnin
548 3073 721 3147 saecnlomm,
737 3073 786 3132 dc.

249 3172 418 3240 Praefatio.
470 3171 554 3235 Vere
566 3173 716 3254 dipnnm,
729 3171 987 3248 menemus,
998 3171 1058 3254 qni
1071 3171 1107 3234 in
1116 3170 1296 3252 principio
1305 3169 1366 3234 &c

249 3279 332 3343 Post
356 3277 420 3340 has
442 3272 693 3339 benedictiones
717 3274 804 3339 idem
824 3275 985 3340 diaconus
1008 3273 1148 3338 eandem
1174 3272 1368 3338 chrismatis

207 3379 389 3466 ampullam
414 3377 552 3442 sindone
576 3398 642 3460 qua
656 3376 796 3442 indutus
817 3384 870 3444 est
892 3378 1088 3464 cooperiat,
1105 3376 1312 3460 eandemque
1335 3377 1369 3440 in

207 3485 346 3550 dextera
362 3485 458 3567 parte
475 3480 594 3545 altaris
610 3501 784 3566 quousque
800 3484 923 3566 Apnns
937 3483 1005 3548 Dci
1020 3481 1165 3558 canitur,
1181 3484 1279 3546 stans
1295 3503 1367 3546 eum

207 3586 409 3662 reverentia,
421 3588 548 3649 teneat.

208 3778 225 3811 ³*
243 3775 297 3844 my
309 3774 340 3828 in
352 3771 469 3842 marpin,
487 3769 595 3825 Winton
607 3771 665 3825 ond
682 3771 875 3827 Womestcr:-

243 3863 310 3917 Hoec
330 3858 482 3914 commistio
502 3857 637 3929 liquorum
650 3858 709 3929 fist
726 3861 849 3916 omnibns
864 3861 1007 3932 perunctis
1018 3861 1181 3932 propensio
1202 3867 1226 3918 ct
1246 3864 1367 3917 cintodia

206 3949 336 4006 solntnn‘s
347 3947 379 4001 in
391 3945 491 4000 sneuln
504 3946 669 4003 saecnlomm.
706 3948 803 4003 Amen.

243 4036 303 4091 Hos
315 4034 397 4102 dicto,
412 4037 503 4087 vertat
515 4048 543 4087 so
555 4033 697 4106 episcopus
710 4035 744 4090 ad
758 4036 853 4108 altare,
866 4043 894 4093 ot
906 4037 1024 4111 incipiat
1036 4037 1142 4094 festive.

248 4122 321 4190 Veni,
337 4119 454 4175 Occator.

243 4209 378 4264 Dominus
391 4207 528 4262 nobiscnm.
544 4207 589 4262 dc.
