2940 4996
233 410 297 478 274
636 415 857 479 consecratio
873 415 992 501 Repr’a

232 624 271 682 ut
287 617 438 682 ambules
454 619 488 682 in
505 620 568 683 viis
584 619 668 702 ejus,
685 628 718 686 et
734 620 906 685 custodias
929 618 1135 684 caerimonias
1159 619 1246 704 ejus,
1264 624 1299 685 ot
1314 640 1394 705 prae·

231 728 329 805 cepta
352 723 435 805 ejus,
452 729 487 787 et
509 724 712 802 testimonia,
730 730 766 789 et
783 725 920 808 judicia,
937 730 972 789 et
987 744 1183 808 quocunque
1197 729 1233 789 tc
1250 724 1395 787 vertaris

232 824 406 889 confirmet
420 830 454 888 te
470 826 573 890 Deus.

279 926 360 985 Tuae
375 928 491 986 dicutur
505 931 574 1005 regi.

277 1023 400 1107 Accipe
415 1024 504 1088 hunc
519 1024 668 1109 gladium
685 1047 759 1089 cum
776 1027 838 1092 Dei
851 1027 1082 1093 benedictione
1097 1027 1162 1092 tibi
1178 1025 1352 1103 collatum,
1365 1026 1397 1089 in

233 1148 299 1210 quo
321 1148 382 1211 per
396 1128 556 1192 virtutem
582 1129 728 1213 Spiritus
756 1131 870 1196 Sancti
893 1133 1054 1197 resistere
1080 1137 1115 1196 et
1137 1132 1260 1216 ejicere
1284 1152 1397 1194 omnes

234 1231 386 1293 inimicos
396 1235 474 1295 tuos
484 1233 599 1297 valeas
610 1242 644 1298 et
654 1240 789 1300 cunctos
806 1241 928 1301 sanctae
937 1236 1001 1301 Dei
1012 1234 1158 1300 ecclesiae
1174 1235 1396 1311 adversarios,

235 1360 442 1424 regnumque
473 1338 535 1402 tibi
565 1338 777 1401 commissum
807 1339 923 1415 tutari,
949 1345 1049 1423 atque
1080 1345 1259 1424 protegere
1287 1343 1398 1403 castra

236 1443 310 1519 Dei,
335 1464 395 1527 per
420 1441 581 1506 auxilium
609 1441 820 1506 invictissimi
846 1442 1102 1527 triumphatoris
1126 1442 1264 1506 Domini
1290 1441 1397 1505 nostri

236 1546 320 1611 Jesu
337 1544 472 1609 Christi.
518 1545 579 1628 Qui
595 1566 669 1607 cum
684 1546 797 1609 Patre.
841 1545 881 1609 In
898 1545 1026 1610 unitate
1043 1545 1189 1631 Spiritus
1205 1545 1333 1611 Sancti.

278 1648 349 1705 Post
362 1648 463 1705 datam
477 1647 608 1723 plautium
622 1648 723 1718 oratio,

284 1744 387 1820 Deus,
404 1742 460 1826 qui
483 1743 695 1826 provident-ia
717 1749 777 1807 tua
793 1741 941 1808 coelestia
957 1743 1057 1807 simul
1080 1748 1115 1808 et
1136 1749 1275 1809 terrena
1290 1744 1397 1808 mode-

239 1847 337 1922 raris,
364 1845 547 1929 propitiare
579 1844 867 1909 Christianissimo
897 1846 970 1930 regi
1000 1851 1117 1910 nostro
1146 1845 1196 1910 ill.
1224 1853 1262 1911 ut
1294 1845 1396 1910 omnis

240 1950 390 2014 hostium
407 1969 541 2012 suorum
559 1946 719 2012 fortitudo
740 1949 866 2013 virtute
882 1949 987 2034 gladii
1010 1948 1198 2034 spiritualis
1213 1950 1398 2034 frangatur,

242 2075 281 2118 ac
297 2059 331 2117 te
346 2073 407 2139 pro
422 2051 482 2116 illo
499 2058 682 2137 pugnante,
698 2053 834 2136 penitus
850 2057 1054 2118 conteratur.
1100 2054 1174 2118 Per.

281 2157 341 2214 Hic
354 2163 502 2213 coronetur
515 2175 573 2225 rer,
590 2155 669 2232 cique
679 2155 804 2214 dicotur.

286 2254 431 2318 Coronet
453 2256 486 2315 tc
510 2250 602 2314 Deus
625 2271 748 2316 corona
770 2252 895 2337 gloriae,
918 2257 1019 2336 atque
1042 2252 1184 2335 justitiae
1207 2254 1345 2329 honore,
1367 2255 1398 2314 et

243 2378 343 2442 opere
369 2353 588 2430 fortitudinis,
609 2358 648 2417 ut
670 2375 731 2437 per
753 2355 893 2419 officium
918 2361 1039 2420 nostrae
1062 2356 1305 2421 benedictionis
1330 2374 1399 2419 cum

242 2461 307 2524 lide
323 2464 424 2534 rocta,
442 2462 476 2521 ct
496 2456 675 2540 multiplici
695 2458 857 2521 bonorum
881 2480 1017 2543 operum
1040 2459 1164 2537 fructu,
1180 2459 1223 2524 ad
1246 2478 1398 2523 coronam

244 2562 419 2647 pervenias
442 2561 537 2645 regni
561 2560 725 2645 perpetui,
749 2561 828 2646 lpso
853 2559 1021 2647 largiente
1043 2563 1139 2646 cujus
1165 2584 1308 2649 regnum
1330 2581 1400 2648 per·

243 2672 358 2732 manet
372 2667 406 2729 in
423 2665 543 2730 saecula
558 2665 762 2729 saeculorum.
807 2666 927 2730 Amen.

286 2770 388 2829 Oratio
411 2759 495 2846 saper
518 2789 619 2845 repert,
637 2776 789 2846 postquam
813 2789 917 2827 corona
932 2768 1027 2846 faerit
1049 2769 1185 2847 imposita
1208 2789 1295 2846 saper
1317 2774 1398 2846 captet

245 2889 312 2943 estes.

287 2963 379 3027 Deus
390 2959 636 3046 perpetuitatis,
649 2961 715 3023 dux
731 2959 903 3038 virtutum,
916 2966 1110 3026 cunctorum
1124 2959 1274 3025 hostium
1288 2961 1401 3036 victor,

245 3066 384 3133 benedic
408 3066 496 3127 hunc
520 3063 682 3128 famulum
707 3069 803 3128 tuum
825 3062 875 3128 ill.
898 3065 960 3129 tibi
987 3071 1089 3148 caput
1113 3085 1210 3128 suum
1234 3064 1404 3128 humiliter

246 3171 473 3245 inclinantem,
500 3174 535 3232 et
561 3168 693 3252 prolixa
720 3169 865 3233 sanitate
893 3174 928 3234 et
953 3190 1115 3254 prospera
1141 3168 1305 3233 felicitate
1329 3191 1402 3235 eum

247 3294 419 3343 conserva,
436 3276 470 3336 et
485 3271 682 3355 ubicumque
699 3270 753 3335 vel
773 3293 833 3356 pro
849 3273 1111 3356 quibuscumque
1133 3270 1297 3336 auxilium
1312 3277 1403 3336 tuum

247 3377 464 3450 invocaverit,
488 3377 553 3439 cito
576 3375 678 3450 adsis,
695 3381 730 3439 et-
752 3379 923 3461 protegas,
940 3398 979 3440 ac
1002 3375 1171 3440 dolendas.
1217 3377 1343 3442 tribue
1365 3378 1403 3452 ei,

249 3501 448 3568 quaesumus,
477 3480 630 3556 Domine,
661 3480 798 3544 divitias
831 3480 949 3565 gratia
979 3484 1054 3556 tuae,
1085 3479 1213 3565 comple
1246 3481 1283 3545 in
1311 3481 1405 3546 bonis

250 3584 451 3650 desiderium
468 3585 551 3667 ejus,
568 3603 690 3646 corona
713 3605 787 3646 eum
803 3584 838 3647 in
861 3583 1099 3660 misericordia,
1114 3583 1243 3668 tibique
1266 3583 1406 3649 Domino

250 3690 307 3775 pia
322 3687 497 3752 devotione
509 3686 639 3770 jugiter
654 3686 847 3764 famuletur,
864 3707 925 3772 per
938 3687 1117 3751 Dominum
1132 3697 1296 3753 nostrum.

290 3793 352 3850 Hic
366 3791 449 3848 detur
462 3794 523 3864 repr
537 3797 686 3866 sceptrum,
704 3789 783 3866 cique
796 3790 920 3848 dicatur.

298 3887 417 3970 Accipe
441 3890 621 3969 sceptrum,
644 3885 744 3971 regiae
768 3886 949 3970 potestatis
971 3885 1114 3971 insigne,
1130 3885 1262 3972 virgam
1285 3887 1408 3953 scilicet

253 3992 358 4077 regni,
383 3995 507 4053 rectam
537 3989 666 4074 virgam
690 3988 837 4065 virtutis,
861 3995 984 4073 quate
1006 3989 1113 4074 ipsum
1138 3988 1222 4053 bene
1245 4010 1357 4077 regas,
1378 3996 1410 4054 et

254 4100 403 4160 sanctam
421 4093 608 4168 ecclesiam,
624 4091 785 4178 populum
808 4084 966 4156 videlicet
982 4091 1210 4156 Christianum
1227 4093 1289 4157 tibi
1306 4115 1328 4158 a
1341 4093 1408 4159 Deo

255 4198 478 4272 commissum,
509 4196 604 4280 regia
634 4197 758 4261 virtute
792 4197 834 4260 ab
868 4195 1029 4280 improbis
1061 4195 1233 4260 defendas.
1287 4197 1407 4262 Pravos

256 4301 414 4385 corrigas,
438 4304 548 4363 rectos
571 4300 736 4382 pacifices,
759 4303 795 4364 et
816 4305 854 4363 ut
876 4299 963 4371 viam
987 4304 1113 4363 rectam
1134 4301 1250 4364 tenere
1273 4300 1407 4385 possint,
