2940 4996
218 396 282 458 304
427 396 626 462 Benedictio
643 395 780 459 Iacemi
795 397 835 458 in
851 395 1013 458 Sabboto
1029 393 1175 456 Sancto.

217 579 372 643 ficatione
421 578 649 663 spiritualium
695 580 862 643 virtutum
908 577 1068 663 fragrans
1107 575 1269 640 ostendat
1306 575 1385 638 odor

218 683 435 746 suavitatem.
482 682 556 746 Tua
576 703 657 765 ergo
681 683 838 765 petimus,
855 682 1070 765 omnipotens
1092 679 1197 753 Deus,
1215 679 1383 742 immensae

217 784 408 867 majestatis
423 785 563 849 dextera
584 785 671 849 banc
694 791 884 849 creaturam
900 785 1095 849 benedicere
1117 803 1159 845 ex
1175 783 1382 846 diversarum

216 908 327 950 rerum
351 888 586 951 commixtione
610 886 796 952 confectam
813 887 978 972 dignare3
1002 891 1040 951 ut
1064 885 1257 968 ubicunque
1273 886 1384 947 fumus

217 998 404 1054 aromatum
440 989 534 1053 illius
569 991 746 1066 afflaverit,
775 992 811 1053 in
845 990 974 1054 virtute
1009 987 1120 1053 sancti
1154 987 1303 1052 nominis
1336 987 1384 1051 tui

217 1093 418 1156 mirabiliter
430 1093 540 1176 possit
552 1092 662 1156 omnis
674 1093 920 1157 immundorum
935 1092 1117 1175 spirituum
1131 1091 1386 1155 fantasmaticos

217 1196 373 1259 incursus
384 1196 545 1280 effugare,
555 1216 738 1279 omnesque
750 1197 886 1260 morbos
896 1195 1031 1259 reddita
1040 1195 1191 1258 sanitate
1204 1192 1384 1276 expellere,

218 1306 319 1381 atque
342 1299 376 1360 in
401 1297 501 1360 odore
524 1296 796 1380 fragrantissimo
820 1298 892 1374 tibi,
914 1297 1067 1373 Domine,
1083 1300 1254 1381 perpetua
1277 1297 1384 1359 suavi-

219 1406 291 1464 tate
307 1398 471 1462 redolere.
516 1399 582 1461 Per
596 1397 790 1462 Dominum.

258 1503 346 1558 Alia.

259 1597 400 1660 Domine
426 1593 521 1658 Deus
549 1595 772 1679 omnipotens,
796 1596 850 1661 cui
877 1596 1046 1661 assistunt
1069 1616 1186 1659 omnes
1214 1595 1383 1661 exercitus

214 1699 411 1784 angelorum
428 1719 502 1760 cum
518 1708 676 1774 tremore,
689 1720 832 1782 quorum
849 1699 996 1764 servitus
1011 1699 1046 1760 iu
1063 1704 1202 1762 ventum
1218 1705 1256 1764 et
1271 1701 1380 1784 ignom

213 1802 439 1878 convortitur3
463 1800 594 1882 respice
606 1800 647 1864 de
659 1800 753 1877 ooelo,
765 1822 967 1885 quaesumus,
981 1807 1016 1865 et
1031 1801 1230 1866 benedicere
1243 1802 1381 1886 dignare

217 1904 385 1989 propitius
414 1903 501 1965 hanc
536 1907 727 1967 creaturam
761 1905 901 1980 incensi,
932 1911 972 1969 ut
1006 1904 1156 1968 universi
1190 1906 1383 1968 morborum

218 2005 398 2090 languores
422 2004 557 2067 odorem
573 2005 680 2088 ipsius
704 2007 891 2070 sentientes
906 2007 1074 2091 effugiant
1097 2011 1132 2070 et
1148 2012 1353 2091 separentur
1367 2027 1386 2068 a

218 2108 383 2193 plasmate
399 2115 457 2170 tuo
473 2111 509 2169 et
523 2108 566 2170 ab
589 2109 745 2172 omnibus
760 2110 817 2192 qui
833 2109 868 2171 in
885 2115 918 2172 te
940 2108 1113 2173 confidunt
1127 2129 1213 2191 quos
1236 2109 1384 2194 pretioso

219 2211 383 2295 sanguiue
405 2208 486 2272 Filii
510 2210 559 2273 tui
584 2211 768 2287 redemisti,
786 2218 822 2275 et
843 2233 1013 2295 nunquam
1037 2210 1205 2275 laedantur
1228 2232 1250 2274 a
1272 2232 1384 2275 morsu

220 2313 349 2395 antiqui
366 2312 546 2397 serpentis.
592 2313 657 2375 Per
672 2314 814 2377 eundem
829 2312 1011 2397 Dominum
1027 2318 1192 2378 nostrum.

258 2415 342 2471 Alia.

262 2511 390 2575 Veniat
413 2530 494 2594 ergo
518 2511 731 2594 omnipotens
753 2511 857 2589 Deus,
881 2533 983 2596 super
1004 2514 1068 2577 hoo
1092 2512 1266 2576 incensum
1288 2511 1379 2598 larga

218 2627 283 2677 tuae
305 2612 547 2676 benedictionis
570 2613 705 2690 infusio,
728 2614 895 2698 hujusque
919 2614 1149 2699 thymiamatis
1173 2613 1379 2678 confectione

219 2714 397 2779 invisibilis
422 2722 583 2799 regnator
612 2718 756 2793 intende,
787 2723 826 2781 ut
851 2718 1112 2801 quotiescunque
1138 2717 1200 2780 tibi
1229 2738 1292 2802 per
1320 2719 1379 2781 boc

219 2818 352 2882 litatum
367 2817 479 2893 fuerit,
495 2824 530 2881 et
545 2817 691 2883 coelesiis
708 2820 820 2884 odoris
836 2820 931 2885 suavi
951 2819 1188 2885 commixtione
1205 2819 1375 2894 redoleat;

216 2926 250 2985 et
265 2921 299 2984 in
315 2940 512 3003 quocunque
528 2920 601 2984 loco
618 2921 765 2985 fidelium
783 2928 917 2987 tuorum
933 2923 1060 3007 aliquid
1076 2944 1116 2985 ex
1133 2922 1238 3006 hujus
1254 2922 1373 2987 sancti-

212 3023 377 3086 ficationis
398 3022 500 3086 fuerit
516 3024 676 3106 mysterio
692 3024 916 3107 deportatum,
933 3024 1077 3110 expulsa
1093 3024 1184 3088 omni
1200 3024 1370 3089 diabolica

211 3125 338 3188 fraudis
363 3125 525 3208 nequitia,
551 3125 659 3189 virtus
686 3134 750 3190 tuae
782 3133 904 3190 sanctae
931 3134 966 3190 et
996 3127 1153 3212 gloriosae
1179 3125 1368 3209 majestatis

217 3229 367 3292 assistat.
413 3229 477 3290 Per
491 3226 681 3291 Dominum.
1038 3231 1044 3241 '
