2940 4996
301 419 503 503 Pontificals
519 421 558 502 os
567 417 714 503 English
729 420 801 482 aad
815 418 938 484 stocos
959 421 1032 484 Uoc.
1188 420 1267 483 xxiii
1393 509 1396 515 ι

171 812 334 879 Leofric's
352 813 602 901 Sacramentary
619 818 656 881 Β.
677 711 720 777 X·

173 918 256 982 This
279 924 358 1005 part
380 919 417 983 of
435 920 595 985 Leofric’s
619 921 881 1007 Sacramentary,
897 921 1006 985 which
1029 922 1059 985 is
1082 921 1187 1008 easily
1207 923 1285 987 dis?

125 1021 322 1108 tinguished
333 1025 376 1109 by
385 1025 693 1111 thehand-writing
706 1025 790 1090 from
806 1027 863 1090 the
874 1026 1120 1111 olderportion,
1130 1026 1272 1091 consists

125 1126 166 1190 of
185 1127 228 1190 48
251 1127 394 1206 Masses,
411 1128 529 1215 chiefly
544 1129 668 1206 votive,
686 1150 778 1193 some
795 1130 961 1207 Preiaces,
977 1129 1155 1214 Episcopal
1172 1128 1276 1194 Bene·

124 1229 278 1307 dictions‚
308 1231 374 1294 and
407 1233 464 1297 the
496 1232 613 1297 Offices
646 1232 699 1296 for
732 1232 827 1296 Palm
861 1232 1004 1318 Sunday‚
1035 1232 1209 1317 Thursday
1239 1234 1273 1296 in

127 1333 268 1398 Passion
298 1334 406 1398 Week
437 1336 501 1399 and
529 1335 621 1400 Good
651 1335 782 1420 Friday.
828 1336 899 1400 The
930 1336 1043 1399 Missae
1069 1335 1110 1399 de
1142 1336 1274 1400 Sanctis

126 1436 259 1500 include
284 1436 316 1500 S.
344 1438 481 1515 Martia,
506 1437 537 1502 S.
567 1440 726 1515 Lazarus,
753 1440 784 1503 S.
813 1438 997 1503 Giles-all
1018 1439 1159 1503 French.
1203 1441 1273 1504 The

126 1539 272 1625 heading
301 1546 336 1605 to
366 1543 424 1606 the
458 1542 566 1607 Missa
594 1543 634 1606 de
667 1541 700 1606 S.
730 1541 853 1628 Egidio
883 1543 931 1619 is;
966 1543 1041 1606 “In
1072 1542 1149 1606 Kal.
1183 1542 1274 1629 Sept.

123 1644 346 1709 Nemausensi
373 1646 537 1731 (Nismes)
562 1668 649 1732 pago
677 1647 734 1730 qui
762 1651 901 1710 vocatur
926 1646 1024 1711 vallis
1050 1646 1212 1712 Flaviana
1238 1648 1272 1709 in

123 1755 303 1833 conspectu
320 1750 431 1826 maris,
448 1750 561 1815 natale
585 1750 617 1814 S.
633 1750 744 1835 Egidii
765 1749 897 1814 abbatis
913 1753 947 1814 et
968 1750 1169 1814 confessoris
1186 1751 1272 1835 apud

127 1852 289 1931 Athenas,
305 1852 435 1918 Graeciae
458 1855 585 1930 urbem,
602 1854 668 1918 orti
691 1875 732 1917 ex
746 1857 842 1937 patre
865 1853 1049 1931 Theodoro,
1064 1859 1172 1918 matre
1194 1875 1273 1917 vero

129 1954 298 2039 Pelagia·.”

173 2057 243 2120 'I'he
265 2058 437 2145 following
460 2065 608 2125 extracts
625 2062 716 2125 show
738 2060 767 2124 it
786 2065 821 2124 to
836 2061 921 2124 hare
943 2061 1027 2124 been
1050 2059 1211 2144 compiled
1234 2062 1277 2146 by
1379 2082 1383 2087 ’

128 2159 270 2238 Leofric,
301 2164 390 2227 after
418 2165 476 2228 the
508 2186 563 2229 see
596 2188 667 2230 was
698 2163 906 2229 transferred
939 2164 1024 2226 from
1055 2163 1211 2228 Crediton
1241 2175 1277 2228 to

131 2264 265 2342 Exoter,
282 2267 347 2330 and
363 2267 397 2329 in
413 2273 490 2351 part
504 2267 577 2332 also
592 2269 677 2331 from
694 2290 715 2332 a
730 2268 944 2331 Winchester
959 2267 1055 2330 book.

188 2367 278 2433 Deus
314 2373 534 2456 omnipotens,
569 2373 626 2456 qui
660 2371 776 2436 coelum
816 2371 979 2435 sideribus
1013 2370 1205 2455 depinxisti,
1239 2382 1274 2442 et

125 2473 284 2537 mundum
314 2470 505 2540 sanctorum
537 2477 685 2540 locorum
717 2477 834 2562 spatiis
865 2475 1059 2553 distinxisti,
1086 2477 1122 2540 in
1152 2479 1272 2561 quibus

123 2578 289 2661 praecipue
304 2601 422 2645 nomen
436 2588 531 2645 tuum
545 2588 696 2646 sanctum
709 2603 728 2645 a
744 2582 839 2645 nobis
851 2580 997 2645 invocari
1011 2586 1045 2645 et
1060 2582 1101 2646 ad
1113 2584 1274 2653 beneficia

110 2679 277 2746 ¹fidelibus
306 2684 375 2747 tuis
407 2685 599 2768 praestanda
633 2683 843 2769 interpellari
876 2684 1033 2762 voluisti3
1069 2686 1190 2771 quique
1220 2711 1271 2754 me

121 2783 284 2848 famulum
309 2793 403 2850 tuum
430 2787 480 2851 ill.
507 2810 574 2871 non
600 2790 683 2852 meis
710 2787 839 2851 meritis
867 2788 925 2850 sed
950 2788 1035 2853 dono
1063 2796 1126 2855 tuae
1153 2795 1268 2876 gratiae

125 2890 308 2974 pontificali
339 2893 497 2957 cathedra
526 2893 765 2956 Exoniensium
797 2893 994 2970 sublimasti,
1025 2901 1157 2978 praesta‚
1184 2918 1271 2980 quae-

131 2977 256 3069 sumus,
272 2995 350 3058 &c'’

129 3096 194 3159 and
210 3098 268 3160 the
284 3098 571 3162 Postcommunion
583 3121 634 3161 :—

175 3199 371 3266 “Salutaris
399 3203 516 3266 hostiae
545 3202 799 3287 participatione
829 3205 984 3280 refectus,
1014 3206 1273 3274 misericordiam

129 3310 223 3369 tuam
245 3304 384 3389 supplex
406 3305 557 3390 imploro,
579 3305 718 3369 Domine
741 3307 843 3384 Deus,
860 3314 899 3373 ut
920 3331 971 3372 me
994 3310 1156 3375 famulum
1180 3318 1273 3378 tuum

130 3431 227 3494 quem
244 3414 366 3474 sanctae
382 3410 563 3474 Exoniensi
579 3412 723 3476 ecclesiae
738 3433 881 3497 praeesse
896 3413 1042 3490 voluisti,
1056 3417 1101 3478 dno
1112 3421 1130 3449 ’'

130 3514 197 3578 and
209 3515 243 3577 iu
260 3516 316 3579 the
333 3523 352 3550 “
365 3516 473 3579 Missa
483 3515 652 3600 generalis
668 3516 817 3580 virorum
830 3522 864 3582 et
875 3523 1116 3593 mortuorum,'’'
1125 3519 1204 3583 folio
1221 3520 1273 3584 20.

75 3636 82 3654 ‘
175 3618 365 3683 “Collecta.
410 3620 540 3683 Pietate
574 3624 642 3696 tua,
674 3642 872 3702 quaesumus,
902 3620 1051 3696 Domine,
1082 3629 1272 3688 nostrorum

130 3725 277 3790 omnium
307 3722 398 3787 solve
432 3722 566 3786 vincula
599 3723 804 3800 delictorum,
838 3729 881 3800 et,
915 3725 1142 3789 intercedente
1175 3729 1275 3794 beata

129 3829 240 3894 Maria
265 3847 396 3912 semper
417 3827 545 3910 virgine
569 3827 721 3909 omnique
746 3812 873 3891 coelesti
889 3827 1023 3904 virtute,
1039 3849 1077 3892 ac
1101 3831 1275 3896 beatorum

129 3933 406 4016 patriarcharum,
433 3931 679 4015 prophetarum,
709 3929 946 4022 apostolorum,
973 3938 1167 4015 martyrum,
1198 3958 1272 3999 con·

128 4039 305 4112 fessorum,
322 4034 497 4118 virginum,
510 4034 720 4116 omniumque
734 4039 922 4096 sanctorum
938 4036 1102 4118 precibus,
1119 4039 1271 4105 domnum

125 4141 344 4224 apostolicum
361 4138 413 4213 N,
426 4137 606 4220 pontifices,
619 4137 766 4211 abbates,
782 4157 893 4221 regem
908 4143 1057 4202 nostrum
1074 4145 1107 4205 et
1122 4144 1271 4228 reginam

128 4254 276 4308 nostram
299 4263 337 4306 ac
359 4240 525 4327 principes
547 4246 679 4303 nostros
704 4261 883 4323 omnesque
907 4245 1181 4328 congregationes
1204 4248 1272 4312 illis

130 4349 333 4419 commissas,
349 4350 383 4407 et
405 4364 465 4406 nos
485 4342 628 4406 famulos
651 4348 728 4406 tuos
753 4348 787 4406 et
809 4344 966 4408 familiam
989 4348 1188 4414 beatissimae
1212 4351 1272 4416 Dei
