2940 4996
190 2936 345 3011 Domine,
374 2939 488 2999 nancte
514 2935 625 3012 Pater,
656 2934 864 3019 omnipotens
890 2940 1013 3001 aeterne
1042 2936 1145 3013 Deua,
1172 2938 1304 3000 creator

146 3040 223 3106 coeli
245 3044 280 3103 et
302 3044 409 3113 terrra,
424 3037 528 3102 maris
550 3044 585 3102 et
607 3039 753 3101 omnium
776 3037 1025 3116 elementorum,
1047 3040 1214 3124 supplices
1236 3060 1305 3102 ma-

143 3145 309 3227 jestatem
341 3145 436 3205 tuam
469 3161 647 3204 exoramus
680 3147 715 3204 et
747 3142 903 3225 petimus,
936 3150 976 3206 ut
1008 3139 1237 3211 beneffldicere
1271 3149 1307 3203 et

149 3236 395 3311 sanctifflficare
424 3242 573 3328 digneris
595 3243 711 3323 ,altare
740 3245 803 3308 hoo
831 3267 872 3308 ex
902 3237 1035 3330 lapidea
1064 3252 1220 3310 creatura
1248 3246 1309 3306 tua

149 3368 254 3412 manu
283 3345 429 3410 hominia
457 3346 711 3430 adquadratum‚
743 3347 830 3411 sicut
859 3349 1055 3413 benedicere
1085 3349 1242 3432 dignatus
1272 3364 1309 3407 es

152 3450 265 3515 altare
279 3448 364 3512 illud
379 3449 466 3532 quod
481 3450 513 3514 N
517 3470 556 3512 oe
568 3454 646 3534 post
660 3455 866 3514 transactum
883 3450 1085 3534 cataclyama
1100 3448 1311 3534 perverbum

154 3555 311 3619 sanctum
332 3555 426 3614 tuum
448 3551 483 3614 in
505 3551 637 3615 nomine
659 3556 718 3614 tuo
742 3551 925 3629 aedificavit,
949 3574 1049 3638 super
1071 3552 1158 3636 quod
1181 3550 1314 3614 diversa

154 3654 342 3744 animantia
356 3659 453 3717 terrae
468 3653 583 3718 oblata
598 3659 677 3718 sunt
692 3654 815 3718 munda
830 3660 864 3719 et
878 3655 1059 3732 immunda,
1072 3654 1130 3718 sed
1144 3651 1314 3715 immunda

153 3759 190 3822 in
205 3757 348 3841 figuram
363 3755 551 3840 gentilium,
567 3777 639 3840 quae
654 3778 675 3820 a
691 3756 818 3840 Spiritu
834 3757 956 3821 Sancto
971 3765 1029 3822 tuo
1044 3755 1214 3830 mundata,
1230 3761 1266 3820 et
1280 3754 1314 3816 in

153 3859 291 3935 odorem
307 3859 486 3922 suavitatis
502 3867 649 3944 accepta,
666 3859 840 3944 Scriptura
859 3864 1137 3924 commemorante
1160 3856 1315 3942 cognovi-

156 3982 243 4026 mus.
289 3960 507 4045 Suscipiatur,
520 3982 716 4044 quaesumus,
729 3961 881 4041 Domine,
894 3961 981 4046 apud
993 3967 1026 4024 te
1042 3961 1095 4025 hic
1108 3961 1316 4044 suppositum

160 4066 372 4144 sacrificium,
400 4066 618 4150 quodcunque
648 4087 708 4152 per
736 4087 855 4131 manus
886 4066 1095 4131 sacerdotum
1124 4066 1187 4130 tibi
1216 4066 1319 4128 fuerit

159 4170 321 4244 oblatum,
334 4173 369 4233 et
383 4169 537 4251 proficiat
551 4171 769 4234 offerentibus
785 4177 819 4233 et
833 4158 1151 4234 communicantibus
1166 4169 1200 4230 in
1216 4169 1320 4232 vitam

164 4280 334 4337 aternam.
396 4273 461 4335 Per
497 4273 636 4337 eundem
674 4273 853 4338 Dominum
890 4279 1051 4337 nostrum.
1111 4273 1150 4335 In
1188 4273 1318 4335 unitate

162 4375 325 4458 ejusdem.
