2940 4996
396 585 646 649 ORDINATIO
670 585 1069 652 SUBDIAGONORUM.
1145 652 1148 656 .

441 757 547 828 Quibus
561 759 682 835 expletis,
698 758 775 816 dicat
789 761 1024 819 Archidicconus.

202 871 367 935 Accedant
382 871 437 954 qui
455 872 626 936 ordinandi
642 878 721 937 sunt
736 873 933 937 subdiaconi
948 897 955 937 :

522 973 680 1050 Episcopus
693 974 787 1031 sedens
800 976 839 1032 eis
852 975 938 1034 dicut.

198 1068 435 1131 subdiaconum
459 1073 590 1151 oportet
612 1090 796 1152 praeparare
812 1072 999 1136 necessaria
1021 1071 1063 1135 ad
1085 1070 1309 1137 ministerium

153 1171 280 1246 altaria,
298 1177 332 1234 et
347 1171 483 1234 diacono
499 1170 669 1234 humiliter
684 1171 883 1262 ministrare.

192 1273 235 1330 Et
248 1274 274 1330 si
287 1272 413 1341 uoluerit,
429 1273 474 1329 hic
490 1280 576 1347 potest
592 1273 708 1329 ulterius
728 1294 770 1330 cos
783 1272 817 1330 de
835 1295 929 1331 eccum
947 1275 1036 1350 officio
1055 1277 1222 1354 informare,
1235 1278 1309 1336 sicut

149 1368 263 1425 habetur
276 1387 363 1444 supra
376 1367 408 1422 in
420 1366 565 1443 principio
579 1366 664 1423 Libri
673 1367 861 1444 Pontificclis.
902 1366 966 1426 Hoc
980 1369 1055 1427 idem
1065 1370 1158 1443 faciut
1170 1374 1306 1433 similiter

152 1463 183 1518 in
199 1462 319 1537 sinpulis
333 1460 479 1518 ordinibus
493 1460 723 1535 consequentibus.

190 1557 354 1613 Accedentes
362 1555 453 1629 ipitur
464 1554 630 1611 subdiaconi
643 1576 705 1611 cum
714 1555 893 1628 ordinantur,
902 1559 971 1634 quia
985 1579 1086 1617 manus
1096 1561 1305 1639 impositionem

150 1672 206 1708 non
228 1649 380 1726 accipiunt,
393 1656 527 1725 patenam
542 1668 604 1705 cum
618 1649 703 1705 calice
721 1650 754 1706 de
772 1671 860 1708 mame
874 1653 997 1728 episcopi
1015 1654 1159 1730 accipiant
1172 1677 1304 1714 vacuam

151 1743 197 1801 Dc
211 1764 299 1800 manu
313 1764 375 1800 acco
390 1741 585 1799 archidiaconi
599 1743 741 1818 accipiant
755 1745 894 1802 urceolum
903 1746 1021 1823 plenum
1039 1767 1103 1805 cum
1121 1751 1306 1827 aquamanili

149 1859 182 1896 ac
195 1837 379 1912 manutergiio,
394 1837 499 1893 dicente
512 1836 568 1892 sibi
580 1837 713 1912 episcopo.

191 1931 313 1995 Videte
329 1932 424 2014 cujus
441 1931 661 1994 ministerium
678 1933 771 1995 vobis
787 1934 952 2009 traditum

188 2035 227 2094 In
235 2036 295 2110 fine
309 2033 454 2091 concludat
468 2033 507 2089 sic
522 2033 633 2107 Iepcndo
645 2033 737 2108 plane.

191 2131 278 2206 Ideo,
293 2130 320 2192 si
338 2149 439 2210 usque
455 2149 540 2189 nunc
556 2127 668 2190 fuistis
683 2129 769 2191 tardi
785 2129 827 2192 ad
843 2128 1025 2206 ecclesiam,
1041 2133 1157 2197 amodo
1173 2134 1303 2200 debetis

147 2256 220 2298 esse
251 2231 396 2305 assidui;
426 2231 454 2292 si
480 2250 585 2311 usque
612 2250 697 2293 nuno
725 2232 932 2307 somnolenti,
961 2234 1078 2296 amodo
1105 2235 1243 2320 vigiles:
1272 2241 1302 2301 si

147 2357 251 2420 usque
277 2355 363 2397 nunc
390 2332 520 2407 ebriosi,
543 2331 658 2395 amodo
686 2332 807 2395 sobrii:
834 2334 861 2397 si
885 2354 988 2417 usqne
1011 2356 1097 2399 nunc
1119 2337 1301 2415 inhonesti,

145 2438 262 2502 amodo
278 2436 382 2501 casti:
406 2435 492 2496 unde
508 2454 567 2496 vos
590 2434 758 2511 admoneo,
775 2440 813 2499 ut
828 2457 886 2500 vos
903 2437 1087 2502 exhibeatis
1102 2439 1152 2504 ita
1173 2447 1212 2504 nt
1226 2441 1300 2506 Deo

144 2541 274 2624 placere
290 2536 435 2622 possitis.

185 2639 325 2716 Proefatio
342 2637 584 2696 Subdiaconocum
598 2636 668 2712 ipsis
681 2635 838 2706 inclinatis,
855 2638 980 2715 episcopo
993 2639 1108 2699 dicente.

143 2744 1299 2843 Q

188 2893 341 2957 O-remus
357 2888 421 2951 De·
432 2910 501 2950 -um
517 2910 555 2950 ac
571 2886 777 2950 Domi-num
793 2893 953 2964 nostrum,
970 2888 1091 2953 fratres
1106 2892 1298 2971 cii-nissimi,

141 3027 386 3068 Η-ι-

142 3159 180 3217 ut
217 3170 331 3234 su-per
363 3147 425 3210 hos
460 3167 573 3208 servos
608 3166 661 3207 su·
672 3165 723 3206 -os
761 3165 843 3227 quos
876 3146 918 3208 ad
953 3146 1295 3214 sundino-conanus

140 3263 350 3279 ῥ’,-

140 3279 1294 3348 Q&

142 3411 329 3477 of-fi·ci-um
364 3427 509 3470 vo-ca-re
548 3403 721 3486 digna-tus
751 3409 812 3478 est,
847 3402 1014 3467 ef-fundat
1047 3405 1294 3480 be-neffldic-ti-
1340 3441 1342 3444 >

138 3517 1293 3587 mm

140 3692 249 3734 o-nem
274 3689 382 3732 snam
405 3671 439 3729 et
461 3663 674 3749 gra-ti--am3
698 3661 785 3722 utin
808 3667 985 3744 conspectu
1001 3661 1088 3744 c-jus
1104 3662 1293 3728 fidoli-ter

138 3775 1291 3853 m

138 3881 1289 3901 .-.-----—-—-——---—-—

139 3929 369 3998 sementes,
396 3921 688 4007 pne-destinata
720 3919 842 3982 sanctis
873 3921 1058 4002 pcaemi--a
1085 3942 1290 4008 consequan-

137 4197 201 4252 tur.
