<?xml version="1.0" encoding="UTF-8"?>
<!DOCTYPE html PUBLIC "-//W3C//DTD XHTML 1.0 Transitional//EN"
    "http://www.w3.org/TR/xhtml1/DTD/xhtml1-transitional.dtd">
<html xmlns="http://www.w3.org/1999/xhtml" xml:lang="en" lang="en">
 <head>
  <title>
</title>
<meta http-equiv="Content-Type" content="text/html;charset=utf-8" />
  <meta name='ocr-system' content='tesseract 3.04.00' />
  <meta name='ocr-capabilities' content='ocr_page ocr_carea ocr_par ocr_line ocrx_word'/>
</head>
<body>
  <div class='ocr_page' id='page_1' title='image "./liberpontifical01baingoog_0394.png"; bbox 0 0 2940 4996; ppageno 0'>
   <div class='ocr_carea' id='block_1_1' title="bbox 527 441 966 510">
    <p class='ocr_par' dir='ltr' id='par_1_1' title="bbox 527 441 966 510">
     <span class='ocr_line' id='line_1_1' title="bbox 527 441 966 510; baseline -0.018 0"><span class='ocrx_word' id='word_1_1' title='bbox 527 444 785 510; x_wconf 81' lang='lat' dir='ltr'><strong>Benedictionea</strong></span> <span class='ocrx_word' id='word_1_2' title='bbox 802 441 966 505; x_wconf 73' lang='lat' dir='ltr'><strong>Diversa.</strong></span> 
     </span>
    </p>
   </div>
   <div class='ocr_carea' id='block_1_2' title="bbox 521 750 973 820">
    <p class='ocr_par' dir='ltr' id='par_1_2' title="bbox 521 750 973 820">
     <span class='ocr_line' id='line_1_2' title="bbox 521 750 973 820; baseline -0.009 -2"><span class='ocrx_word' id='word_1_3' title='bbox 521 752 801 820; x_wconf 85' lang='lat' dir='ltr'><strong>BENEDIOTIO</strong></span> <span class='ocrx_word' id='word_1_4' title='bbox 823 750 973 815; x_wconf 88' lang='lat' dir='ltr'><strong>PUTEI.</strong></span> 
     </span>
    </p>
   </div>
   <div class='ocr_carea' id='block_1_3' title="bbox 157 936 1324 1742">
    <p class='ocr_par' dir='ltr' id='par_1_3' title="bbox 157 936 1324 1742">
     <span class='ocr_line' id='line_1_3' title="bbox 206 936 1323 1023; baseline -0.006 -20"><span class='ocrx_word' id='word_1_5' title='bbox 206 937 445 1023; x_wconf 88' lang='lat' dir='ltr'><strong>Deprecamur,</strong></span> <span class='ocrx_word' id='word_1_6' title='bbox 469 939 622 1017; x_wconf 87' lang='lat' dir='ltr'>Domine,</span> <span class='ocrx_word' id='word_1_7' title='bbox 645 938 856 1003; x_wconf 89' lang='lat' dir='ltr'><strong>clementiam</strong></span> <span class='ocrx_word' id='word_1_8' title='bbox 880 936 1020 1020; x_wconf 89' lang='lat' dir='ltr'><strong>pietatis</strong></span> <span class='ocrx_word' id='word_1_9' title='bbox 1043 939 1120 1010; x_wconf 81' lang='lat' dir='ltr'><strong>tua,</strong></span> <span class='ocrx_word' id='word_1_10' title='bbox 1140 938 1180 997; x_wconf 91' lang='lat' dir='ltr'><strong>ut</strong></span> <span class='ocrx_word' id='word_1_11' title='bbox 1201 953 1323 1016; x_wconf 91' lang='lat' dir='ltr'><strong>aquam</strong></span> 
     </span>
     <span class='ocr_line' id='line_1_4' title="bbox 162 1037 1323 1126; baseline -0.006 -20"><span class='ocrx_word' id='word_1_12' title='bbox 162 1044 255 1126; x_wconf 88' lang='lat' dir='ltr'><strong>putei</strong></span> <span class='ocrx_word' id='word_1_13' title='bbox 272 1043 372 1125; x_wconf 86' lang='lat' dir='ltr'><strong>hujus</strong></span> <span class='ocrx_word' id='word_1_14' title='bbox 388 1043 515 1107; x_wconf 89' lang='lat' dir='ltr'><strong>coelesti</strong></span> <span class='ocrx_word' id='word_1_15' title='bbox 531 1044 762 1108; x_wconf 90' lang='lat' dir='ltr'><strong>benedictione</strong></span> <span class='ocrx_word' id='word_1_16' title='bbox 787 1041 989 1116; x_wconf 89' lang='lat' dir='ltr'><strong>sanctifices,</strong></span> <span class='ocrx_word' id='word_1_17' title='bbox 1007 1043 1042 1103; x_wconf 89' lang='lat' dir='ltr'><strong>et</strong></span> <span class='ocrx_word' id='word_1_18' title='bbox 1057 1037 1099 1101; x_wconf 93' lang='lat' dir='ltr'><strong>ad</strong></span> <span class='ocrx_word' id='word_1_19' title='bbox 1115 1057 1323 1101; x_wconf 90' lang='lat' dir='ltr'><strong>communem</strong></span> 
     </span>
     <span class='ocr_line' id='line_1_5' title="bbox 164 1141 1323 1229; baseline -0.003 -24"><span class='ocrx_word' id='word_1_20' title='bbox 164 1145 269 1209; x_wconf 90' lang='lat' dir='ltr'><strong>vitam</strong></span> <span class='ocrx_word' id='word_1_21' title='bbox 284 1147 446 1210; x_wconf 77' lang='lat' dir='ltr'><strong>concedas</strong></span> <span class='ocrx_word' id='word_1_22' title='bbox 463 1146 644 1222; x_wconf 81' lang='lat' dir='ltr'><strong>salubrem,</strong></span> <span class='ocrx_word' id='word_1_23' title='bbox 661 1152 695 1210; x_wconf 87' lang='lat' dir='ltr'><strong>et</strong></span> <span class='ocrx_word' id='word_1_24' title='bbox 710 1148 762 1210; x_wconf 92' lang='lat' dir='ltr'><strong>ita</strong></span> <span class='ocrx_word' id='word_1_25' title='bbox 776 1167 819 1208; x_wconf 84' lang='lat' dir='ltr'><strong>ex</strong></span> <span class='ocrx_word' id='word_1_26' title='bbox 835 1167 875 1208; x_wconf 92' lang='lat' dir='ltr'><strong>eo</strong></span> <span class='ocrx_word' id='word_1_27' title='bbox 891 1145 1010 1229; x_wconf 91' lang='lat' dir='ltr'><strong>fugare</strong></span> <span class='ocrx_word' id='word_1_28' title='bbox 1026 1141 1177 1226; x_wconf 91' lang='lat' dir='ltr'><strong>digneris</strong></span> <span class='ocrx_word' id='word_1_29' title='bbox 1193 1160 1323 1202; x_wconf 90' lang='lat' dir='ltr'><strong>omnem</strong></span> 
     </span>
     <span class='ocr_line' id='line_1_6' title="bbox 161 1242 1322 1331; baseline -0.003 -22"><span class='ocrx_word' id='word_1_30' title='bbox 161 1247 332 1311; x_wconf 86' lang='lat' dir='ltr'><strong>diabolicas</strong></span> <span class='ocrx_word' id='word_1_31' title='bbox 359 1249 557 1313; x_wconf 76' lang='lat' dir='ltr'><strong>tentationis</strong></span> <span class='ocrx_word' id='word_1_32' title='bbox 581 1250 763 1324; x_wconf 82' lang='lat' dir='ltr'><strong>incursum,</strong></span> <span class='ocrx_word' id='word_1_33' title='bbox 787 1253 825 1312; x_wconf 91' lang='lat' dir='ltr'><strong>ut</strong></span> <span class='ocrx_word' id='word_1_34' title='bbox 852 1248 1040 1331; x_wconf 90' lang='lat' dir='ltr'><strong>quicunque</strong></span> <span class='ocrx_word' id='word_1_35' title='bbox 1066 1266 1108 1307; x_wconf 87' lang='lat' dir='ltr'><strong>ex</strong></span> <span class='ocrx_word' id='word_1_36' title='bbox 1133 1264 1173 1306; x_wconf 93' lang='lat' dir='ltr'><strong>eo</strong></span> <span class='ocrx_word' id='word_1_37' title='bbox 1199 1242 1322 1306; x_wconf 88' lang='lat' dir='ltr'><strong>abhinc</strong></span> 
     </span>
     <span class='ocr_line' id='line_1_7' title="bbox 160 1345 1324 1434; baseline -0.002 -23"><span class='ocrx_word' id='word_1_38' title='bbox 160 1350 316 1414; x_wconf 77' lang='lat' dir='ltr'><strong>hauserit</strong></span> <span class='ocrx_word' id='word_1_39' title='bbox 328 1351 504 1427; x_wconf 88' lang='lat' dir='ltr'><strong>biberitve,</strong></span> <span class='ocrx_word' id='word_1_40' title='bbox 517 1351 569 1415; x_wconf 89' lang='lat' dir='ltr'><strong>vel</strong></span> <span class='ocrx_word' id='word_1_41' title='bbox 583 1353 617 1415; x_wconf 93' lang='lat' dir='ltr'><strong>in</strong></span> <span class='ocrx_word' id='word_1_42' title='bbox 630 1351 836 1434; x_wconf 87' lang='lat' dir='ltr'><strong>quibuslibet</strong></span> <span class='ocrx_word' id='word_1_43' title='bbox 852 1349 1052 1415; x_wconf 90' lang='lat' dir='ltr'><strong>necessariis</strong></span> <span class='ocrx_word' id='word_1_44' title='bbox 1067 1347 1184 1410; x_wconf 92' lang='lat' dir='ltr'><strong>usibus</strong></span> <span class='ocrx_word' id='word_1_45' title='bbox 1200 1345 1324 1409; x_wconf 88' lang='lat' dir='ltr'><strong>hausta</strong></span> 
     </span>
     <span class='ocr_line' id='line_1_8' title="bbox 158 1449 1320 1534; baseline -0.004 -20"><span class='ocrx_word' id='word_1_46' title='bbox 158 1472 247 1534; x_wconf 88' lang='lat' dir='ltr'><strong>aqua</strong></span> <span class='ocrx_word' id='word_1_47' title='bbox 269 1473 352 1516; x_wconf 91' lang='lat' dir='ltr'><strong>usus</strong></span> <span class='ocrx_word' id='word_1_48' title='bbox 374 1453 487 1530; x_wconf 83' lang='lat' dir='ltr'><strong>fuerit,</strong></span> <span class='ocrx_word' id='word_1_49' title='bbox 511 1455 617 1518; x_wconf 92' lang='lat' dir='ltr'><strong>totius</strong></span> <span class='ocrx_word' id='word_1_50' title='bbox 642 1455 778 1518; x_wconf 90' lang='lat' dir='ltr'><strong>virtutis</strong></span> <span class='ocrx_word' id='word_1_51' title='bbox 801 1475 840 1517; x_wconf 91' lang='lat' dir='ltr'><strong>ac</strong></span> <span class='ocrx_word' id='word_1_52' title='bbox 862 1452 1020 1517; x_wconf 89' lang='lat' dir='ltr'><strong>sanitatis</strong></span> <span class='ocrx_word' id='word_1_53' title='bbox 1043 1449 1217 1514; x_wconf 88' lang='lat' dir='ltr'><strong>dulcedine</strong></span> <span class='ocrx_word' id='word_1_54' title='bbox 1244 1468 1320 1530; x_wconf 89' lang='lat' dir='ltr'><strong>per·</strong></span> 
     </span>
     <span class='ocr_line' id='line_1_9' title="bbox 157 1549 1318 1630; baseline -0.002 -14"><span class='ocrx_word' id='word_1_55' title='bbox 157 1553 302 1630; x_wconf 84' lang='lat' dir='ltr'><strong>fruatur,</strong></span> <span class='ocrx_word' id='word_1_56' title='bbox 329 1560 366 1620; x_wconf 93' lang='lat' dir='ltr'><strong>ut</strong></span> <span class='ocrx_word' id='word_1_57' title='bbox 391 1557 454 1620; x_wconf 91' lang='lat' dir='ltr'><strong>tihi</strong></span> <span class='ocrx_word' id='word_1_58' title='bbox 482 1557 721 1621; x_wconf 84' lang='lat' dir='ltr'><strong>sanctificatori</strong></span> <span class='ocrx_word' id='word_1_59' title='bbox 749 1563 783 1622; x_wconf 91' lang='lat' dir='ltr'><strong>et</strong></span> <span class='ocrx_word' id='word_1_60' title='bbox 810 1554 971 1619; x_wconf 87' lang='lat' dir='ltr'><strong>salvatori</strong></span> <span class='ocrx_word' id='word_1_61' title='bbox 1000 1553 1146 1619; x_wconf 92' lang='lat' dir='ltr'><strong>omnium</strong></span> <span class='ocrx_word' id='word_1_62' title='bbox 1173 1549 1318 1615; x_wconf 91' lang='lat' dir='ltr'><strong>Domino</strong></span> 
     </span>
     <span class='ocr_line' id='line_1_10' title="bbox 160 1658 725 1742; baseline 0.011 -24"><span class='ocrx_word' id='word_1_63' title='bbox 160 1658 291 1740; x_wconf 85' lang='lat' dir='ltr'><strong>gratias</strong></span> <span class='ocrx_word' id='word_1_64' title='bbox 306 1679 407 1742; x_wconf 89' lang='lat' dir='ltr'><strong>agere</strong></span> <span class='ocrx_word' id='word_1_65' title='bbox 424 1666 604 1724; x_wconf 89' lang='lat' dir='ltr'><strong>mereatur.</strong></span> <span class='ocrx_word' id='word_1_66' title='bbox 650 1661 725 1724; x_wconf 84' lang='lat' dir='ltr'><strong>Per.</strong></span> 
     </span>
    </p>
   </div>
   <div class='ocr_carea' id='block_1_4' title="bbox 162 1901 1318 2075">
    <p class='ocr_par' dir='ltr' id='par_1_4' title="bbox 162 1901 1318 2075">
     <span class='ocr_line' id='line_1_11' title="bbox 162 1901 1318 1992; baseline 0 -26"><span class='ocrx_word' id='word_1_67' title='bbox 162 1903 327 1969; x_wconf 86' lang='lat' dir='ltr'><strong>ORATIO</strong></span> <span class='ocrx_word' id='word_1_68' title='bbox 345 1905 489 1970; x_wconf 81' lang='lat' dir='ltr'><strong>SUPER</strong></span> <span class='ocrx_word' id='word_1_69' title='bbox 509 1903 699 1970; x_wconf 85' lang='lat' dir='ltr'><strong>FONTEM</strong></span> <span class='ocrx_word' id='word_1_70' title='bbox 713 1907 793 1971; x_wconf 90' lang='lat' dir='ltr'><strong>UBI</strong></span> <span class='ocrx_word' id='word_1_71' title='bbox 816 1906 987 1992; x_wconf 71' lang='lat' dir='ltr'><strong>ALIOUA</strong></span> <span class='ocrx_word' id='word_1_72' title='bbox 1002 1901 1318 1970; x_wconf 80' lang='lat' dir='ltr'><strong>NEGLIOENTIA</strong></span> 
     </span>
     <span class='ocr_line' id='line_1_12' title="bbox 596 2009 881 2075; baseline -0.004 -2"><span class='ocrx_word' id='word_1_73' title='bbox 596 2009 881 2075; x_wconf 82' lang='lat' dir='ltr'><strong>OONTIGERIT.</strong></span> 
     </span>
    </p>
   </div>
   <div class='ocr_carea' id='block_1_5' title="bbox 155 2191 1319 3104">
    <p class='ocr_par' dir='ltr' id='par_1_5' title="bbox 155 2191 1319 3104">
     <span class='ocr_line' id='line_1_13' title="bbox 203 2191 1319 2281; baseline -0.006 -22"><span class='ocrx_word' id='word_1_74' title='bbox 203 2194 356 2272; x_wconf 89' lang='lat' dir='ltr'><strong>Domine,</strong></span> <span class='ocrx_word' id='word_1_75' title='bbox 383 2201 497 2260; x_wconf 87' lang='lat' dir='ltr'><strong>sancte</strong></span> <span class='ocrx_word' id='word_1_76' title='bbox 527 2197 640 2272; x_wconf 89' lang='lat' dir='ltr'><strong>Pater,</strong></span> <span class='ocrx_word' id='word_1_77' title='bbox 665 2198 878 2281; x_wconf 89' lang='lat' dir='ltr'><strong>omnipotens</strong></span> <span class='ocrx_word' id='word_1_78' title='bbox 903 2201 1026 2262; x_wconf 85' lang='lat' dir='ltr'><strong>aeterne</strong></span> <span class='ocrx_word' id='word_1_79' title='bbox 1050 2194 1152 2270; x_wconf 90' lang='lat' dir='ltr'><strong>Deus,</strong></span> <span class='ocrx_word' id='word_1_80' title='bbox 1177 2191 1234 2276; x_wconf 93' lang='lat' dir='ltr'><strong>qui</strong></span> <span class='ocrx_word' id='word_1_81' title='bbox 1258 2211 1319 2276; x_wconf 92' lang='lat' dir='ltr'><strong>per</strong></span> 
     </span>
     <span class='ocr_line' id='line_1_14' title="bbox 158 2296 1318 2385; baseline -0.001 -23"><span class='ocrx_word' id='word_1_82' title='bbox 158 2300 405 2364; x_wconf 85' lang='lat' dir='ltr'><strong>invisibilitatis</strong></span> <span class='ocrx_word' id='word_1_83' title='bbox 434 2308 499 2364; x_wconf 83' lang='lat' dir='ltr'><strong>tuae</strong></span> <span class='ocrx_word' id='word_1_84' title='bbox 529 2301 714 2385; x_wconf 89' lang='lat' dir='ltr'><strong>potentiam</strong></span> <span class='ocrx_word' id='word_1_85' title='bbox 740 2304 802 2365; x_wconf 89' lang='lat' dir='ltr'><strong>has</strong></span> <span class='ocrx_word' id='word_1_86' title='bbox 827 2322 932 2384; x_wconf 90' lang='lat' dir='ltr'><strong>aquas</strong></span> <span class='ocrx_word' id='word_1_87' title='bbox 957 2323 999 2364; x_wconf 85' lang='lat' dir='ltr'><strong>ex</strong></span> <span class='ocrx_word' id='word_1_88' title='bbox 1028 2297 1134 2361; x_wconf 90' lang='lat' dir='ltr'><strong>nihilo</strong></span> <span class='ocrx_word' id='word_1_89' title='bbox 1164 2296 1318 2361; x_wconf 88' lang='lat' dir='ltr'><strong>conditas</strong></span> 
     </span>
     <span class='ocr_line' id='line_1_15' title="bbox 160 2401 1319 2490; baseline 0.001 -26"><span class='ocrx_word' id='word_1_90' title='bbox 160 2404 194 2466; x_wconf 95' lang='lat' dir='ltr'><strong>in</strong></span> <span class='ocrx_word' id='word_1_91' title='bbox 211 2404 313 2485; x_wconf 87' lang='lat' dir='ltr'><strong>hujus</strong></span> <span class='ocrx_word' id='word_1_92' title='bbox 328 2404 475 2468; x_wconf 76' lang='lat' dir='ltr'><strong>materia</strong></span> <span class='ocrx_word' id='word_1_93' title='bbox 492 2405 632 2469; x_wconf 89' lang='lat' dir='ltr'><strong>formam</strong></span> <span class='ocrx_word' id='word_1_94' title='bbox 648 2405 792 2469; x_wconf 89' lang='lat' dir='ltr'><strong>visibilis</strong></span> <span class='ocrx_word' id='word_1_95' title='bbox 815 2404 997 2490; x_wconf 74' lang='lat' dir='ltr'><strong>praebuisti,</strong></span> <span class='ocrx_word' id='word_1_96' title='bbox 1013 2408 1114 2484; x_wconf 91' lang='lat' dir='ltr'><strong>atque</strong></span> <span class='ocrx_word' id='word_1_97' title='bbox 1138 2422 1179 2464; x_wconf 84' lang='lat' dir='ltr'><strong>ex</strong></span> <span class='ocrx_word' id='word_1_98' title='bbox 1195 2401 1319 2465; x_wconf 88' lang='lat' dir='ltr'><strong>abditis</strong></span> 
     </span>
     <span class='ocr_line' id='line_1_16' title="bbox 157 2502 1318 2591; baseline 0 -24"><span class='ocrx_word' id='word_1_99' title='bbox 157 2505 451 2590; x_wconf 86' lang='lat' dir='ltr'><strong>investigabilibus</strong></span> <span class='ocrx_word' id='word_1_100' title='bbox 468 2528 647 2570; x_wconf 89' lang='lat' dir='ltr'><strong>concavam</strong></span> <span class='ocrx_word' id='word_1_101' title='bbox 665 2529 725 2590; x_wconf 90' lang='lat' dir='ltr'><strong>per</strong></span> <span class='ocrx_word' id='word_1_102' title='bbox 740 2508 853 2591; x_wconf 88' lang='lat' dir='ltr'><strong>abyssi</strong></span> <span class='ocrx_word' id='word_1_103' title='bbox 870 2504 1135 2591; x_wconf 90' lang='lat' dir='ltr'><strong>magnitudinem</strong></span> <span class='ocrx_word' id='word_1_104' title='bbox 1145 2502 1318 2587; x_wconf 85' lang='lat' dir='ltr'><strong>largitati</strong></span> 
     </span>
     <span class='ocr_line' id='line_1_17' title="bbox 158 2605 1318 2692; baseline -0.003 -20"><span class='ocrx_word' id='word_1_105' title='bbox 158 2614 224 2672; x_wconf 86' lang='lat' dir='ltr'><strong>tuae</strong></span> <span class='ocrx_word' id='word_1_106' title='bbox 239 2610 351 2692; x_wconf 90' lang='lat' dir='ltr'><strong>gratia</strong></span> <span class='ocrx_word' id='word_1_107' title='bbox 374 2609 528 2672; x_wconf 90' lang='lat' dir='ltr'><strong>humanis</strong></span> <span class='ocrx_word' id='word_1_108' title='bbox 552 2610 667 2672; x_wconf 91' lang='lat' dir='ltr'><strong>usibus</strong></span> <span class='ocrx_word' id='word_1_109' title='bbox 690 2610 817 2674; x_wconf 92' lang='lat' dir='ltr'><strong>fluenta</strong></span> <span class='ocrx_word' id='word_1_110' title='bbox 831 2609 981 2673; x_wconf 84' lang='lat' dir='ltr'><strong>fontibus</strong></span> <span class='ocrx_word' id='word_1_111' title='bbox 1003 2606 1188 2670; x_wconf 87' lang='lat' dir='ltr'><strong>influxisti:</strong></span> <span class='ocrx_word' id='word_1_112' title='bbox 1211 2613 1246 2669; x_wconf 87' lang='lat' dir='ltr'><strong>te</strong></span> <span class='ocrx_word' id='word_1_113' title='bbox 1266 2605 1318 2668; x_wconf 92' lang='lat' dir='ltr'><strong>tui</strong></span> 
     </span>
     <span class='ocr_line' id='line_1_18' title="bbox 159 2707 1319 2796; baseline 0 -22"><span class='ocrx_word' id='word_1_114' title='bbox 159 2711 278 2776; x_wconf 89' lang='lat' dir='ltr'><strong>famuli</strong></span> <span class='ocrx_word' id='word_1_115' title='bbox 304 2712 473 2796; x_wconf 89' lang='lat' dir='ltr'><strong>supplices</strong></span> <span class='ocrx_word' id='word_1_116' title='bbox 496 2733 682 2786; x_wconf 83' lang='lat' dir='ltr'><strong>exoramus,</strong></span> <span class='ocrx_word' id='word_1_117' title='bbox 704 2713 754 2776; x_wconf 91' lang='lat' dir='ltr'><strong>uti</strong></span> <span class='ocrx_word' id='word_1_118' title='bbox 778 2713 840 2776; x_wconf 92' lang='lat' dir='ltr'><strong>has</strong></span> <span class='ocrx_word' id='word_1_119' title='bbox 862 2733 979 2796; x_wconf 92' lang='lat' dir='ltr'><strong>aquas,</strong></span> <span class='ocrx_word' id='word_1_120' title='bbox 1001 2731 1084 2794; x_wconf 90' lang='lat' dir='ltr'><strong>quas</strong></span> <span class='ocrx_word' id='word_1_121' title='bbox 1110 2707 1319 2793; x_wconf 83' lang='lat' dir='ltr'><strong>negligentia</strong></span> 
     </span>
     <span class='ocr_line' id='line_1_19' title="bbox 158 2812 1318 2899; baseline 0.001 -23"><span class='ocrx_word' id='word_1_122' title='bbox 158 2812 289 2898; x_wconf 90' lang='lat' dir='ltr'><strong>polluit,</strong></span> <span class='ocrx_word' id='word_1_123' title='bbox 308 2814 424 2876; x_wconf 79' lang='lat' dir='ltr'><strong>Sancti</strong></span> <span class='ocrx_word' id='word_1_124' title='bbox 441 2813 586 2899; x_wconf 86' lang='lat' dir='ltr'><strong>Spiritus</strong></span> <span class='ocrx_word' id='word_1_125' title='bbox 603 2815 652 2877; x_wconf 89' lang='lat' dir='ltr'><strong>tui</strong></span> <span class='ocrx_word' id='word_1_126' title='bbox 668 2814 779 2898; x_wconf 88' lang='lat' dir='ltr'><strong>gratia</strong></span> <span class='ocrx_word' id='word_1_127' title='bbox 794 2816 837 2879; x_wconf 91' lang='lat' dir='ltr'><strong>ad</strong></span> <span class='ocrx_word' id='word_1_128' title='bbox 853 2815 1049 2878; x_wconf 85' lang='lat' dir='ltr'><strong>munditiam</strong></span> <span class='ocrx_word' id='word_1_129' title='bbox 1065 2816 1201 2876; x_wconf 88' lang='lat' dir='ltr'><strong>revocet</strong></span> <span class='ocrx_word' id='word_1_130' title='bbox 1216 2815 1318 2896; x_wconf 88' lang='lat' dir='ltr'><strong>atquo</strong></span> 
     </span>
     <span class='ocr_line' id='line_1_20' title="bbox 157 2915 1317 3001; baseline -0.002 -22"><span class='ocrx_word' id='word_1_131' title='bbox 157 2917 322 2999; x_wconf 84' lang='lat' dir='ltr'><strong>purificet,</strong></span> <span class='ocrx_word' id='word_1_132' title='bbox 335 2926 370 2979; x_wconf 90' lang='lat' dir='ltr'><strong>et</strong></span> <span class='ocrx_word' id='word_1_133' title='bbox 386 2918 526 3001; x_wconf 90' lang='lat' dir='ltr'><strong>spiritus</strong></span> <span class='ocrx_word' id='word_1_134' title='bbox 542 2916 655 2981; x_wconf 88' lang='lat' dir='ltr'><strong>callidi</strong></span> <span class='ocrx_word' id='word_1_135' title='bbox 672 2918 780 2981; x_wconf 90' lang='lat' dir='ltr'><strong>hostis</strong></span> <span class='ocrx_word' id='word_1_136' title='bbox 792 2919 961 2995; x_wconf 88' lang='lat' dir='ltr'><strong>abscedat,</strong></span> <span class='ocrx_word' id='word_1_137' title='bbox 974 2938 1013 2980; x_wconf 88' lang='lat' dir='ltr'><strong>ac</strong></span> <span class='ocrx_word' id='word_1_138' title='bbox 1025 2915 1181 2998; x_wconf 89' lang='lat' dir='ltr'><strong>deinceps</strong></span> <span class='ocrx_word' id='word_1_139' title='bbox 1193 2915 1317 2979; x_wconf 85' lang='lat' dir='ltr'><strong>sancti-</strong></span> 
     </span>
     <span class='ocr_line' id='line_1_21' title="bbox 155 3015 1316 3104; baseline -0.002 -23"><span class='ocrx_word' id='word_1_140' title='bbox 155 3020 273 3083; x_wconf 88' lang='lat' dir='ltr'><strong>ficatas</strong></span> <span class='ocrx_word' id='word_1_141' title='bbox 285 3019 417 3082; x_wconf 83' lang='lat' dir='ltr'><strong>familiae</strong></span> <span class='ocrx_word' id='word_1_142' title='bbox 430 3025 494 3084; x_wconf 86' lang='lat' dir='ltr'><strong>tuae</strong></span> <span class='ocrx_word' id='word_1_143' title='bbox 511 3020 676 3104; x_wconf 90' lang='lat' dir='ltr'><strong>potabiles</strong></span> <span class='ocrx_word' id='word_1_144' title='bbox 692 3021 831 3101; x_wconf 89' lang='lat' dir='ltr'><strong>tribuas,</strong></span> <span class='ocrx_word' id='word_1_145' title='bbox 844 3027 882 3084; x_wconf 94' lang='lat' dir='ltr'><strong>ut</strong></span> <span class='ocrx_word' id='word_1_146' title='bbox 897 3017 1088 3104; x_wconf 90' lang='lat' dir='ltr'><strong>potantium</strong></span> <span class='ocrx_word' id='word_1_147' title='bbox 1103 3021 1139 3078; x_wconf 91' lang='lat' dir='ltr'><strong>et</strong></span> <span class='ocrx_word' id='word_1_148' title='bbox 1153 3015 1316 3085; x_wconf 90' lang='lat' dir='ltr'><strong>mundent</strong></span> 
     </span>
    </p>
   </div>
   <div class='ocr_carea' id='block_1_6' title="bbox 160 3123 836 3281">
    <p class='ocr_par' dir='ltr' id='par_1_6' title="bbox 160 3123 836 3281">
     <span class='ocr_line' id='line_1_22' title="bbox 160 3123 836 3207; baseline 0.001 -22"><span class='ocrx_word' id='word_1_149' title='bbox 160 3143 301 3207; x_wconf 88' lang='lat' dir='ltr'><strong>corpora</strong></span> <span class='ocrx_word' id='word_1_150' title='bbox 316 3123 481 3206; x_wconf 88' lang='lat' dir='ltr'><strong>cordaque</strong></span> <span class='ocrx_word' id='word_1_151' title='bbox 499 3124 717 3188; x_wconf 87' lang='lat' dir='ltr'><strong>sanctificent.</strong></span> <span class='ocrx_word' id='word_1_152' title='bbox 762 3125 836 3188; x_wconf 88' lang='lat' dir='ltr'><strong>Per.</strong></span> 
     </span>
     <span class='ocr_line' id='line_1_23' title="bbox 202 3225 289 3281; baseline -0.011 0"><span class='ocrx_word' id='word_1_153' title='bbox 202 3225 289 3281; x_wconf 76' lang='lat' dir='ltr'><strong>Alia.</strong></span> 
     </span>
    </p>
   </div>
   <div class='ocr_carea' id='block_1_7' title="bbox 159 3317 1319 4233">
    <p class='ocr_par' dir='ltr' id='par_1_7' title="bbox 159 3317 1319 4233">
     <span class='ocr_line' id='line_1_24' title="bbox 204 3317 1317 3402; baseline -0.005 -17"><span class='ocrx_word' id='word_1_154' title='bbox 204 3320 305 3395; x_wconf 90' lang='lat' dir='ltr'><strong>Deus,</strong></span> <span class='ocrx_word' id='word_1_155' title='bbox 322 3321 379 3402; x_wconf 92' lang='lat' dir='ltr'><strong>qui</strong></span> <span class='ocrx_word' id='word_1_156' title='bbox 395 3320 437 3383; x_wconf 91' lang='lat' dir='ltr'><strong>ad</strong></span> <span class='ocrx_word' id='word_1_157' title='bbox 453 3322 514 3384; x_wconf 94' lang='lat' dir='ltr'><strong>hoc</strong></span> <span class='ocrx_word' id='word_1_158' title='bbox 537 3321 571 3384; x_wconf 94' lang='lat' dir='ltr'><strong>in</strong></span> <span class='ocrx_word' id='word_1_159' title='bbox 587 3321 608 3385; x_wconf 90' lang='lat' dir='ltr'><strong>J</strong></span> <span class='ocrx_word' id='word_1_160' title='bbox 611 3322 745 3386; x_wconf 91' lang='lat' dir='ltr'><strong>ordanis</strong></span> <span class='ocrx_word' id='word_1_161' title='bbox 762 3321 893 3386; x_wconf 91' lang='lat' dir='ltr'><strong>alveum</strong></span> <span class='ocrx_word' id='word_1_162' title='bbox 918 3317 1189 3384; x_wconf 89' lang='lat' dir='ltr'><strong>sanctificaturus</strong></span> <span class='ocrx_word' id='word_1_163' title='bbox 1211 3333 1317 3397; x_wconf 87' lang='lat' dir='ltr'><strong>aquas</strong></span> 
     </span>
     <span class='ocr_line' id='line_1_25' title="bbox 159 3417 1317 3510; baseline -0.005 -22"><span class='ocrx_word' id='word_1_164' title='bbox 159 3424 489 3499; x_wconf 89' lang='lat' dir='ltr'><strong>descendisti,utate</strong></span> <span class='ocrx_word' id='word_1_165' title='bbox 500 3425 696 3489; x_wconf 89' lang='lat' dir='ltr'><strong>munditiam</strong></span> <span class='ocrx_word' id='word_1_166' title='bbox 706 3426 820 3510; x_wconf 88' lang='lat' dir='ltr'><strong>potius</strong></span> <span class='ocrx_word' id='word_1_167' title='bbox 830 3428 988 3508; x_wconf 91' lang='lat' dir='ltr'><strong>caperent</strong></span> <span class='ocrx_word' id='word_1_168' title='bbox 998 3441 1097 3507; x_wconf 91' lang='lat' dir='ltr'><strong>quam</strong></span> <span class='ocrx_word' id='word_1_169' title='bbox 1107 3417 1317 3496; x_wconf 90' lang='lat' dir='ltr'><strong>mundarent,</strong></span> 
     </span>
     <span class='ocr_line' id='line_1_26' title="bbox 159 3521 1318 3612; baseline -0.006 -23"><span class='ocrx_word' id='word_1_170' title='bbox 159 3527 236 3590; x_wconf 92' lang='lat' dir='ltr'><strong>dum</strong></span> <span class='ocrx_word' id='word_1_171' title='bbox 248 3526 290 3589; x_wconf 93' lang='lat' dir='ltr'><strong>ad</strong></span> <span class='ocrx_word' id='word_1_172' title='bbox 301 3531 427 3589; x_wconf 90' lang='lat' dir='ltr'><strong>tactum</strong></span> <span class='ocrx_word' id='word_1_173' title='bbox 440 3527 525 3589; x_wconf 90' lang='lat' dir='ltr'><strong>sacri</strong></span> <span class='ocrx_word' id='word_1_174' title='bbox 536 3529 684 3612; x_wconf 91' lang='lat' dir='ltr'><strong>corporis</strong></span> <span class='ocrx_word' id='word_1_175' title='bbox 695 3527 913 3591; x_wconf 87' lang='lat' dir='ltr'><strong>sanctificasti</strong></span> <span class='ocrx_word' id='word_1_176' title='bbox 923 3526 1092 3589; x_wconf 91' lang='lat' dir='ltr'><strong>lavacrum</strong></span> <span class='ocrx_word' id='word_1_177' title='bbox 1105 3545 1113 3598; x_wconf 86' lang='lat'>3</span> <span class='ocrx_word' id='word_1_178' title='bbox 1130 3521 1192 3584; x_wconf 91' lang='lat' dir='ltr'><strong>has</strong></span> <span class='ocrx_word' id='word_1_179' title='bbox 1202 3541 1318 3603; x_wconf 92' lang='lat' dir='ltr'><strong>aquas,</strong></span> 
     </span>
     <span class='ocr_line' id='line_1_27' title="bbox 160 3623 1319 3714; baseline -0.009 -19"><span class='ocrx_word' id='word_1_180' title='bbox 160 3631 319 3695; x_wconf 87' lang='lat' dir='ltr'><strong>influente</strong></span> <span class='ocrx_word' id='word_1_181' title='bbox 345 3629 456 3714; x_wconf 89' lang='lat' dir='ltr'><strong>gratia</strong></span> <span class='ocrx_word' id='word_1_182' title='bbox 481 3630 627 3714; x_wconf 87' lang='lat' dir='ltr'><strong>Spiritus</strong></span> <span class='ocrx_word' id='word_1_183' title='bbox 655 3631 703 3695; x_wconf 92' lang='lat' dir='ltr'><strong>tui</strong></span> <span class='ocrx_word' id='word_1_184' title='bbox 730 3631 854 3706; x_wconf 85' lang='lat' dir='ltr'><strong>Sancti,</strong></span> <span class='ocrx_word' id='word_1_185' title='bbox 882 3628 1030 3714; x_wconf 88' lang='lat' dir='ltr'><strong>digneris</strong></span> <span class='ocrx_word' id='word_1_186' title='bbox 1054 3626 1097 3691; x_wconf 90' lang='lat' dir='ltr'><strong>ad</strong></span> <span class='ocrx_word' id='word_1_187' title='bbox 1121 3623 1319 3687; x_wconf 90' lang='lat' dir='ltr'><strong>munditiam</strong></span> 
     </span>
     <span class='ocr_line' id='line_1_28' title="bbox 160 3727 1316 3816; baseline -0.008 -21"><span class='ocrx_word' id='word_1_188' title='bbox 160 3752 316 3795; x_wconf 90' lang='lat' dir='ltr'><strong>revocare</strong></span> <span class='ocrx_word' id='word_1_189' title='bbox 347 3752 407 3816; x_wconf 91' lang='lat' dir='ltr'><strong>per</strong></span> <span class='ocrx_word' id='word_1_190' title='bbox 437 3732 558 3794; x_wconf 90' lang='lat' dir='ltr'><strong>donum</strong></span> <span class='ocrx_word' id='word_1_191' title='bbox 586 3732 704 3815; x_wconf 92' lang='lat' dir='ltr'><strong>quiin</strong></span> <span class='ocrx_word' id='word_1_192' title='bbox 731 3732 823 3797; x_wconf 84' lang='lat' dir='ltr'><strong>Oana</strong></span> <span class='ocrx_word' id='word_1_193' title='bbox 850 3731 988 3798; x_wconf 78' lang='lat' dir='ltr'><strong>Galileae</strong></span> <span class='ocrx_word' id='word_1_194' title='bbox 1018 3729 1114 3793; x_wconf 90' lang='lat' dir='ltr'><strong>initio</strong></span> <span class='ocrx_word' id='word_1_195' title='bbox 1144 3727 1316 3809; x_wconf 90' lang='lat' dir='ltr'><strong>signorum</strong></span> 
     </span>
     <span class='ocr_line' id='line_1_29' title="bbox 161 3827 1318 3919; baseline -0.008 -21"><span class='ocrx_word' id='word_1_196' title='bbox 161 3839 294 3898; x_wconf 90' lang='lat' dir='ltr'><strong>tuorum</strong></span> <span class='ocrx_word' id='word_1_197' title='bbox 311 3840 445 3897; x_wconf 87' lang='lat' dir='ltr'><strong>ostenso</strong></span> <span class='ocrx_word' id='word_1_198' title='bbox 461 3835 598 3898; x_wconf 85' lang='lat' dir='ltr'><strong>virtutis</strong></span> <span class='ocrx_word' id='word_1_199' title='bbox 621 3839 685 3898; x_wconf 85' lang='lat' dir='ltr'><strong>tuae</strong></span> <span class='ocrx_word' id='word_1_200' title='bbox 701 3835 860 3919; x_wconf 91' lang='lat' dir='ltr'><strong>mysterio</strong></span> <span class='ocrx_word' id='word_1_201' title='bbox 883 3854 989 3918; x_wconf 89' lang='lat' dir='ltr'><strong>aquas</strong></span> <span class='ocrx_word' id='word_1_202' title='bbox 1011 3836 1142 3895; x_wconf 89' lang='lat' dir='ltr'><strong>mutare</strong></span> <span class='ocrx_word' id='word_1_203' title='bbox 1157 3827 1318 3913; x_wconf 88' lang='lat' dir='ltr'><strong>dignatus</strong></span> 
     </span>
     <span class='ocr_line' id='line_1_30' title="bbox 161 3926 1319 4013; baseline -0.004 -16"><span class='ocrx_word' id='word_1_204' title='bbox 161 3957 197 3998; x_wconf 90' lang='lat' dir='ltr'><strong>es</strong></span> <span class='ocrx_word' id='word_1_205' title='bbox 213 3936 248 3997; x_wconf 92' lang='lat' dir='ltr'><strong>in</strong></span> <span class='ocrx_word' id='word_1_206' title='bbox 264 3936 389 4011; x_wconf 90' lang='lat' dir='ltr'><strong>vinum,</strong></span> <span class='ocrx_word' id='word_1_207' title='bbox 405 3942 440 4000; x_wconf 89' lang='lat' dir='ltr'><strong>et</strong></span> <span class='ocrx_word' id='word_1_208' title='bbox 456 3937 542 4002; x_wconf 90' lang='lat' dir='ltr'><strong>sicut</strong></span> <span class='ocrx_word' id='word_1_209' title='bbox 557 3937 692 4002; x_wconf 90' lang='lat' dir='ltr'><strong>Eliseus</strong></span> <span class='ocrx_word' id='word_1_210' title='bbox 708 3959 841 4003; x_wconf 86' lang='lat' dir='ltr'><strong>amaras</strong></span> <span class='ocrx_word' id='word_1_211' title='bbox 865 3936 989 4000; x_wconf 92' lang='lat' dir='ltr'><strong>orando</strong></span> <span class='ocrx_word' id='word_1_212' title='bbox 1004 3931 1149 3999; x_wconf 87' lang='lat' dir='ltr'><strong>mutavit</strong></span> <span class='ocrx_word' id='word_1_213' title='bbox 1162 3947 1268 4013; x_wconf 89' lang='lat' dir='ltr'><strong>aquas</strong></span> <span class='ocrx_word' id='word_1_214' title='bbox 1283 3926 1319 3992; x_wconf 90' lang='lat' dir='ltr'><strong>in</strong></span> 
     </span>
     <span class='ocr_line' id='line_1_31' title="bbox 159 4035 1318 4128; baseline -0.003 -24"><span class='ocrx_word' id='word_1_215' title='bbox 159 4041 289 4118; x_wconf 88' lang='lat' dir='ltr'><strong>latices,</strong></span> <span class='ocrx_word' id='word_1_216' title='bbox 305 4044 353 4108; x_wconf 91' lang='lat' dir='ltr'><strong>ita</strong></span> <span class='ocrx_word' id='word_1_217' title='bbox 369 4044 412 4107; x_wconf 92' lang='lat' dir='ltr'><strong>ad</strong></span> <span class='ocrx_word' id='word_1_218' title='bbox 434 4066 551 4128; x_wconf 90' lang='lat' dir='ltr'><strong>preces</strong></span> <span class='ocrx_word' id='word_1_219' title='bbox 568 4046 715 4109; x_wconf 90' lang='lat' dir='ltr'><strong>fidelium</strong></span> <span class='ocrx_word' id='word_1_220' title='bbox 732 4051 864 4111; x_wconf 91' lang='lat' dir='ltr'><strong>tuorum</strong></span> <span class='ocrx_word' id='word_1_221' title='bbox 887 4044 1068 4109; x_wconf 89' lang='lat' dir='ltr'><strong>clementer</strong></span> <span class='ocrx_word' id='word_1_222' title='bbox 1083 4040 1259 4123; x_wconf 86' lang='lat' dir='ltr'><strong>abstergas</strong></span> <span class='ocrx_word' id='word_1_223' title='bbox 1275 4035 1318 4100; x_wconf 92' lang='lat' dir='ltr'><strong>ab</strong></span> 
     </span>
     <span class='ocr_line' id='line_1_32' title="bbox 160 4145 846 4233; baseline 0.004 -26"><span class='ocrx_word' id='word_1_224' title='bbox 160 4145 212 4208; x_wconf 93' lang='lat' dir='ltr'><strong>his</strong></span> <span class='ocrx_word' id='word_1_225' title='bbox 229 4145 324 4228; x_wconf 92' lang='lat' dir='ltr'><strong>aquis</strong></span> <span class='ocrx_word' id='word_1_226' title='bbox 341 4146 537 4230; x_wconf 90' lang='lat' dir='ltr'><strong>pollutionis</strong></span> <span class='ocrx_word' id='word_1_227' title='bbox 554 4148 727 4233; x_wconf 88' lang='lat' dir='ltr'><strong>originem.</strong></span> <span class='ocrx_word' id='word_1_228' title='bbox 771 4149 846 4212; x_wconf 88' lang='lat' dir='ltr'><strong>Per.</strong></span> 
     </span>
    </p>
   </div>
   <div class='ocr_carea' id='block_1_8' title="bbox 245 4491 308 4554">
    <p class='ocr_par' dir='ltr' id='par_1_8' title="bbox 245 4491 308 4554">
     <span class='ocr_line' id='line_1_33' title="bbox 245 4491 308 4554; baseline 0.016 -1"><span class='ocrx_word' id='word_1_229' title='bbox 245 4491 308 4554; x_wconf 76' lang='lat'><strong>42*</strong></span> 
     </span>
    </p>
   </div>
   <div class='ocr_carea' id='block_1_9' title="bbox 0 0 1475 4996">
    <p class='ocr_par' dir='ltr' id='par_1_9' title="bbox 0 0 1475 4996">
     <span class='ocr_line' id='line_1_34' title="bbox 0 0 1475 4996; baseline 0 0"><span class='ocrx_word' id='word_1_230' title='bbox 0 0 1475 4996; x_wconf 95' lang='lat' dir='ltr'><strong> </strong></span> 
     </span>
    </p>
   </div>
  </div>
 </body>
</html>
