2940 4996
420 1169 1047 1269 pommeranas

194 1469 739 1554 CHRISTOPHERI
800 1467 1268 1554 BAINBRIDGE

414 1733 735 1794 ARCHIEPISCOPI
768 1735 1060 1795 EBORACENSIS.

480 2226 540 2289 DE
565 2225 718 2290 saclas
742 2228 997 2293 ORDINIBUS.

204 2398 373 2477 Pontifieale
386 2398 505 2474 requirit
518 2397 636 2473 officium
650 2419 726 2456 nosse
735 2399 832 2476 primo
844 2420 987 2457 sacrorum
1007 2418 1105 2456 causas
1123 2397 1267 2466 ordinum,
1281 2402 1312 2452 ut

156 2499 272 2574 copnita
297 2493 405 2568 oripine
429 2491 641 2567 intellipentiam
664 2513 758 2549 eorum
778 2493 924 2570 mysticam
945 2494 1003 2570 ipse
1022 2493 1146 2570 pontisera
1168 2490 1313 2569 perfectius

157 2581 364 2666 consequatur(

557 2749 703 2814 CAPUT
730 2751 925 2814 PRIMUM.

208 2921 392 2984 ordinandus
405 2929 468 2978 ante
482 2921 591 2978 ordinis
604 2922 799 2998 susceptionem
820 2943 925 2998 semper
944 2921 1136 2998 confessionem
1154 2928 1316 2998 praeparem

162 3023 209 3081 xl.
224 3020 264 3077 di.
279 3037 340 3094 cap.
355 3014 465 3074 ultimo.
507 3014 548 3073 In
557 3023 666 3092 peceato
677 3016 854 3074 mortalinon
866 3017 999 3087 aecedat;
1020 3017 1076 3075 Ex.
1091 3018 1126 3076 de
1140 3015 1319 3094 temporibus

165 3115 231 3177 ord.
271 3110 319 3168 Ad
332 3129 426 3167 aures.
468 3109 600 3166 Primam
624 3117 768 3167 tonsuram
788 3131 845 3168 non
863 3111 994 3185 neptipat.
1037 3112 1144 3169 Nullus
1164 3111 1318 3178 ordinetur,

165 3212 230 3273 nisi
243 3203 414 3268 acuminatio
425 3205 587 3280 praecedat;
608 3204 679 3262 xliii.
695 3206 734 3263 di.
751 3226 804 3283 per
818 3214 918 3264 totam.
961 3206 1028 3263 Nou
1040 3207 1223 3283 accipiantur
1235 3204 1322 3262 simul

166 3308 291 3368 minores
314 3299 424 3358 ordines
448 3319 510 3356 cuns
538 3300 750 3372 subdiaconatu,
774 3323 823 3358 nec
846 3302 931 3358 etiam
955 3301 1011 3360 duo
1036 3302 1147 3359 ordines
1169 3300 1255 3357 simul
1277 3299 1324 3356 sed

167 3399 336 3482 prodatim;
358 3395 411 3453 Ex.
427 3395 463 3454 de
483 3404 614 3473 tempore
630 3398 692 3455 ord.
715 3398 771 3456 Per
792 3397 898 3456 literas.
940 3397 1009 3454 Non
1020 3418 1072 3474 per
1085 3398 1188 3454 saltum
1202 3396 1325 3471 accipiat

168 3497 237 3579 quis
250 3491 400 3560 ordinem;
420 3489 479 3548 xlii.
495 3491 535 3547 di.
551 3511 612 3568 cap.
627 3492 657 3548 ii.
700 3490 769 3549 Non
789 3493 822 3548 ab
844 3491 901 3548 alio
921 3491 1045 3567 episcopo
1060 3511 1145 3568 quam
1165 3511 1214 3547 suo
1224 3511 1235 3560 ;
1257 3510 1323 3547 xxv,

169 3597 211 3655 di.
230 3585 376 3649 Perlectis.
418 3587 485 3644 Non
504 3595 599 3643 contra
613 3586 736 3663 episcopi
751 3585 981 3664 prohibitionem,
995 3607 1044 3643 nec
1062 3586 1123 3643 sine
1143 3585 1248 3654 titulo;
1268 3584 1323 3642 Ex.

170 3695 210 3752 do
235 3688 295 3746 vita
323 3682 525 3741 ethonestatis
549 3680 725 3740 clericorum.
767 3681 838 3740 Cum
865 3681 1018 3738 secundum
1042 3681 1215 3759 apostolum.
1259 3680 1326 3738 Non

165 3787 299 3864 furtive;
324 3783 379 3841 Ex.
396 3780 431 3838 de
455 3798 499 3836 eo.
523 3777 571 3853 qui
591 3777 696 3834 furtive
720 3777 780 3834 ord.
823 3797 884 3852 cap.
910 3776 919 3831 i
943 3783 973 3834 et
994 3776 1025 3833 ii.
1067 3776 1198 3846 Missam,
1217 3775 1250 3832 in
1270 3797 1326 3852 qua

173 3882 325 3947 ordinatus
336 3885 381 3949 est,
393 3874 514 3933 totaliter
525 3873 635 3931 aaudiat.
679 3871 792 3947 Tanyat
806 3871 913 3941 omnia,
930 3892 991 3946 quoe
1004 3880 1069 3929 sunt
1079 3872 1229 3946 tanpenola,
1243 3892 1328 3928 ursus-

175 3977 293 4058 quisque
301 3974 333 4030 in
347 3972 393 4029 sui
403 3968 512 4027 ordinis
525 3967 693 4045 susceptione
705 3989 716 4037 ;
737 3987 804 4023 xxv.
820 3965 858 4023 di.
875 3965 1022 4025 Perlectis.
1065 3964 1135 4022 Nou
1146 3965 1259 4023 accedat
1272 3967 1331 4022 nisi

176 4069 338 4134 licentiatus
357 4074 381 4123 et
400 4070 579 4142 praesentatus
591 4085 602 4132 ,·
628 4062 682 4118 llx.
708 4062 743 4120 de
771 4068 856 4118 scrut.
880 4081 940 4138 sap.
966 4060 1078 4119 ultimo.
1122 4059 1243 4134 Jejunus
1267 4068 1291 4118 et
1313 4083 1331 4117 a

267 4165 363 4227 Pont.
385 4163 402 4223 1
