<?xml version="1.0" encoding="UTF-8"?>
<!DOCTYPE html PUBLIC "-//W3C//DTD XHTML 1.0 Transitional//EN"
    "http://www.w3.org/TR/xhtml1/DTD/xhtml1-transitional.dtd">
<html xmlns="http://www.w3.org/1999/xhtml" xml:lang="en" lang="en">
 <head>
  <title>
</title>
<meta http-equiv="Content-Type" content="text/html;charset=utf-8" />
  <meta name='ocr-system' content='tesseract 3.04.00' />
  <meta name='ocr-capabilities' content='ocr_page ocr_carea ocr_par ocr_line ocrx_word'/>
</head>
<body>
  <div class='ocr_page' id='page_1' title='image "./liberpontifical01baingoog_0358.png"; bbox 0 0 2940 4996; ppageno 0'>
   <div class='ocr_carea' id='block_1_1' title="bbox 364 397 1312 462">
    <p class='ocr_par' dir='ltr' id='par_1_1' title="bbox 364 397 1312 462">
     <span class='ocr_line' id='line_1_1' title="bbox 364 397 1312 462; baseline 0.003 -3"><span class='ocrx_word' id='word_1_1' title='bbox 364 398 564 460; x_wconf 77' lang='lat' dir='ltr'><em>Benedictio</em></span> <span class='ocrx_word' id='word_1_2' title='bbox 580 397 717 460; x_wconf 84' lang='lat' dir='ltr'>Inccnsi</span> <span class='ocrx_word' id='word_1_3' title='bbox 732 398 769 458; x_wconf 85' lang='lat' dir='ltr'>in</span> <span class='ocrx_word' id='word_1_4' title='bbox 787 398 940 460; x_wconf 84' lang='lat' dir='ltr'>Sahtoto</span> <span class='ocrx_word' id='word_1_5' title='bbox 957 399 1099 462; x_wconf 81' lang='lat' dir='ltr'>Sancto.</span> <span class='ocrx_word' id='word_1_6' title='bbox 1248 398 1312 462; x_wconf 88' lang='lat'>303</span> 
     </span>
    </p>
   </div>
   <div class='ocr_carea' id='block_1_2' title="bbox 387 672 1067 910">
    <p class='ocr_par' dir='ltr' id='par_1_2' title="bbox 387 672 1067 910">
     <span class='ocr_line' id='line_1_2' title="bbox 720 672 747 734; baseline 0 0"><span class='ocrx_word' id='word_1_7' title='bbox 720 672 747 734; x_wconf 91' lang='lat' dir='ltr'>I.</span> 
     </span>
     <span class='ocr_line' id='line_1_3' title="bbox 387 841 1067 910; baseline -0.001 -3"><span class='ocrx_word' id='word_1_8' title='bbox 387 841 697 907; x_wconf 73' lang='lat' dir='ltr'><strong>CONSECRATIO</strong></span> <span class='ocrx_word' id='word_1_9' title='bbox 720 841 1067 910; x_wconf 79' lang='lat' dir='ltr'><strong>THYMIAMATIS.</strong></span> 
     </span>
    </p>
   </div>
   <div class='ocr_carea' id='block_1_3' title="bbox 157 1013 1336 4386">
    <p class='ocr_par' dir='ltr' id='par_1_3' title="bbox 157 1013 1324 2334">
     <span class='ocr_line' id='line_1_4' title="bbox 198 1013 1316 1098; baseline 0.005 -22"><span class='ocrx_word' id='word_1_10' title='bbox 198 1013 358 1078; x_wconf 84' lang='lat' dir='ltr'>Exorcizo</span> <span class='ocrx_word' id='word_1_11' title='bbox 380 1020 425 1090; x_wconf 87' lang='lat' dir='ltr'>te,</span> <span class='ocrx_word' id='word_1_12' title='bbox 442 1014 550 1078; x_wconf 88' lang='lat' dir='ltr'>omnis</span> <span class='ocrx_word' id='word_1_13' title='bbox 572 1013 840 1078; x_wconf 81' lang='lat' dir='ltr'>immundissime</span> <span class='ocrx_word' id='word_1_14' title='bbox 858 1014 1008 1098; x_wconf 88' lang='lat' dir='ltr'>spiritus,</span> <span class='ocrx_word' id='word_1_15' title='bbox 1025 1037 1122 1080; x_wconf 90' lang='lat' dir='ltr'>omne</span> <span class='ocrx_word' id='word_1_16' title='bbox 1145 1016 1316 1083; x_wconf 79' lang='lat' dir='ltr'>fantasma</span> 
     </span>
     <span class='ocr_line' id='line_1_5' title="bbox 157 1114 1321 1202; baseline 0.005 -26"><span class='ocrx_word' id='word_1_17' title='bbox 157 1114 293 1191; x_wconf 91' lang='lat' dir='ltr'>inimici,</span> <span class='ocrx_word' id='word_1_18' title='bbox 309 1117 343 1179; x_wconf 93' lang='lat' dir='ltr'>in</span> <span class='ocrx_word' id='word_1_19' title='bbox 359 1117 492 1181; x_wconf 92' lang='lat' dir='ltr'>nomine</span> <span class='ocrx_word' id='word_1_20' title='bbox 509 1117 571 1180; x_wconf 93' lang='lat' dir='ltr'>Dei</span> <span class='ocrx_word' id='word_1_21' title='bbox 588 1117 700 1182; x_wconf 87' lang='lat' dir='ltr'>Patris</span> <span class='ocrx_word' id='word_1_22' title='bbox 716 1118 973 1202; x_wconf 89' lang='lat' dir='ltr'>omnipotentis,</span> <span class='ocrx_word' id='word_1_23' title='bbox 990 1122 1025 1182; x_wconf 89' lang='lat' dir='ltr'>et</span> <span class='ocrx_word' id='word_1_24' title='bbox 1040 1118 1075 1181; x_wconf 92' lang='lat' dir='ltr'>in</span> <span class='ocrx_word' id='word_1_25' title='bbox 1090 1117 1112 1183; x_wconf 87' lang='lat' dir='ltr'><strong>J</strong></span> <span class='ocrx_word' id='word_1_26' title='bbox 1114 1140 1174 1182; x_wconf 88' lang='lat' dir='ltr'>esu</span> <span class='ocrx_word' id='word_1_27' title='bbox 1191 1120 1321 1184; x_wconf 81' lang='lat' dir='ltr'>Christi</span> 
     </span>
     <span class='ocr_line' id='line_1_6' title="bbox 158 1217 1320 1304; baseline 0.006 -24"><span class='ocrx_word' id='word_1_28' title='bbox 158 1217 238 1280; x_wconf 87' lang='lat' dir='ltr'>Filii</span> <span class='ocrx_word' id='word_1_29' title='bbox 261 1218 334 1301; x_wconf 92' lang='lat' dir='ltr'>ejus</span> <span class='ocrx_word' id='word_1_30' title='bbox 358 1224 393 1283; x_wconf 87' lang='lat' dir='ltr'>et</span> <span class='ocrx_word' id='word_1_31' title='bbox 416 1218 562 1304; x_wconf 83' lang='lat' dir='ltr'>Spiritus</span> <span class='ocrx_word' id='word_1_32' title='bbox 587 1218 715 1296; x_wconf 88' lang='lat' dir='ltr'>Sancti,</span> <span class='ocrx_word' id='word_1_33' title='bbox 730 1225 769 1284; x_wconf 91' lang='lat' dir='ltr'>ut</span> <span class='ocrx_word' id='word_1_34' title='bbox 792 1220 922 1285; x_wconf 85' lang='lat' dir='ltr'>exeatis</span> <span class='ocrx_word' id='word_1_35' title='bbox 945 1226 980 1284; x_wconf 91' lang='lat' dir='ltr'>et</span> <span class='ocrx_word' id='word_1_36' title='bbox 1002 1220 1168 1286; x_wconf 76' lang='lat' dir='ltr'>recedatis</span> <span class='ocrx_word' id='word_1_37' title='bbox 1191 1224 1233 1286; x_wconf 89' lang='lat' dir='ltr'>ah</span> <span class='ocrx_word' id='word_1_38' title='bbox 1256 1223 1320 1287; x_wconf 90' lang='lat' dir='ltr'>hac</span> 
     </span>
     <span class='ocr_line' id='line_1_7' title="bbox 161 1321 1323 1407; baseline 0.003 -22"><span class='ocrx_word' id='word_1_39' title='bbox 161 1321 271 1407; x_wconf 85' lang='lat' dir='ltr'>specie</span> <span class='ocrx_word' id='word_1_40' title='bbox 287 1321 520 1405; x_wconf 79' lang='lat' dir='ltr'>thymiamatis</span> <span class='ocrx_word' id='word_1_41' title='bbox 538 1321 609 1385; x_wconf 85' lang='lat' dir='ltr'>sive</span> <span class='ocrx_word' id='word_1_42' title='bbox 625 1321 752 1386; x_wconf 82' lang='lat' dir='ltr'>incensi</span> <span class='ocrx_word' id='word_1_43' title='bbox 767 1343 841 1387; x_wconf 92' lang='lat' dir='ltr'>cum</span> <span class='ocrx_word' id='word_1_44' title='bbox 858 1323 948 1386; x_wconf 92' lang='lat' dir='ltr'>omni</span> <span class='ocrx_word' id='word_1_45' title='bbox 965 1321 1102 1387; x_wconf 82' lang='lat' dir='ltr'>fallacia</span> <span class='ocrx_word' id='word_1_46' title='bbox 1116 1343 1155 1386; x_wconf 91' lang='lat' dir='ltr'>ac</span> <span class='ocrx_word' id='word_1_47' title='bbox 1171 1324 1323 1407; x_wconf 86' lang='lat' dir='ltr'>nequitia</span> 
     </span>
     <span class='ocr_line' id='line_1_8' title="bbox 159 1427 1320 1512; baseline 0.001 -21"><span class='ocrx_word' id='word_1_48' title='bbox 159 1434 284 1504; x_wconf 86' lang='lat' dir='ltr'>vestra,</span> <span class='ocrx_word' id='word_1_49' title='bbox 311 1434 350 1493; x_wconf 93' lang='lat' dir='ltr'>ut</span> <span class='ocrx_word' id='word_1_50' title='bbox 380 1428 424 1492; x_wconf 89' lang='lat' dir='ltr'>sit</span> <span class='ocrx_word' id='word_1_51' title='bbox 454 1429 523 1492; x_wconf 88' lang='lat' dir='ltr'>haeo</span> <span class='ocrx_word' id='word_1_52' title='bbox 554 1427 685 1512; x_wconf 85' lang='lat' dir='ltr'>species</span> <span class='ocrx_word' id='word_1_53' title='bbox 717 1427 928 1492; x_wconf 78' lang='lat' dir='ltr'>sanctificata</span> <span class='ocrx_word' id='word_1_54' title='bbox 957 1427 992 1490; x_wconf 93' lang='lat' dir='ltr'>in</span> <span class='ocrx_word' id='word_1_55' title='bbox 1023 1428 1156 1491; x_wconf 92' lang='lat' dir='ltr'>nomine</span> <span class='ocrx_word' id='word_1_56' title='bbox 1186 1427 1320 1492; x_wconf 88' lang='lat' dir='ltr'>Domini</span> 
     </span>
     <span class='ocr_line' id='line_1_9' title="bbox 161 1529 1322 1614; baseline 0.001 -20"><span class='ocrx_word' id='word_1_57' title='bbox 161 1531 268 1595; x_wconf 80' lang='lat' dir='ltr'>nostri</span> <span class='ocrx_word' id='word_1_58' title='bbox 283 1529 305 1594; x_wconf 91' lang='lat' dir='ltr'><strong>J</strong></span> <span class='ocrx_word' id='word_1_59' title='bbox 306 1552 366 1595; x_wconf 88' lang='lat' dir='ltr'>esu</span> <span class='ocrx_word' id='word_1_60' title='bbox 382 1529 522 1606; x_wconf 77' lang='lat' dir='ltr'>Christi,</span> <span class='ocrx_word' id='word_1_61' title='bbox 538 1534 576 1594; x_wconf 87' lang='lat' dir='ltr'>ut</span> <span class='ocrx_word' id='word_1_62' title='bbox 598 1549 715 1593; x_wconf 90' lang='lat' dir='ltr'>omnes</span> <span class='ocrx_word' id='word_1_63' title='bbox 730 1533 917 1613; x_wconf 85' lang='lat' dir='ltr'>gestantes,</span> <span class='ocrx_word' id='word_1_64' title='bbox 934 1534 1126 1614; x_wconf 83' lang='lat' dir='ltr'>tangentes,</span> <span class='ocrx_word' id='word_1_65' title='bbox 1142 1530 1322 1596; x_wconf 86' lang='lat' dir='ltr'>odorantes</span> 
     </span>
     <span class='ocr_line' id='line_1_10' title="bbox 160 1631 1323 1716; baseline 0.001 -19"><span class='ocrx_word' id='word_1_66' title='bbox 160 1653 244 1710; x_wconf 90' lang='lat' dir='ltr'>eam,</span> <span class='ocrx_word' id='word_1_67' title='bbox 260 1632 419 1698; x_wconf 87' lang='lat' dir='ltr'>virtutem</span> <span class='ocrx_word' id='word_1_68' title='bbox 436 1637 471 1698; x_wconf 90' lang='lat' dir='ltr'>et</span> <span class='ocrx_word' id='word_1_69' title='bbox 488 1631 652 1696; x_wconf 88' lang='lat' dir='ltr'>auxilium</span> <span class='ocrx_word' id='word_1_70' title='bbox 668 1631 858 1716; x_wconf 86' lang='lat' dir='ltr'>percipiant</span> <span class='ocrx_word' id='word_1_71' title='bbox 882 1632 1028 1716; x_wconf 87' lang='lat' dir='ltr'>Spiritus</span> <span class='ocrx_word' id='word_1_72' title='bbox 1052 1631 1187 1710; x_wconf 87' lang='lat' dir='ltr'>Saneti;</span> <span class='ocrx_word' id='word_1_73' title='bbox 1211 1633 1261 1698; x_wconf 89' lang='lat' dir='ltr'>ita</span> <span class='ocrx_word' id='word_1_74' title='bbox 1284 1639 1323 1698; x_wconf 91' lang='lat' dir='ltr'>ut</span> 
     </span>
     <span class='ocr_line' id='line_1_11' title="bbox 158 1733 1318 1822; baseline 0.003 -23"><span class='ocrx_word' id='word_1_75' title='bbox 158 1756 225 1799; x_wconf 91' lang='lat' dir='ltr'>nou</span> <span class='ocrx_word' id='word_1_76' title='bbox 247 1734 369 1799; x_wconf 89' lang='lat' dir='ltr'>ibidem</span> <span class='ocrx_word' id='word_1_77' title='bbox 390 1734 449 1798; x_wconf 94' lang='lat' dir='ltr'>ubi</span> <span class='ocrx_word' id='word_1_78' title='bbox 472 1736 541 1799; x_wconf 88' lang='lat' dir='ltr'>haec</span> <span class='ocrx_word' id='word_1_79' title='bbox 564 1735 704 1799; x_wconf 87' lang='lat' dir='ltr'>incensa</span> <span class='ocrx_word' id='word_1_80' title='bbox 724 1733 778 1798; x_wconf 87' lang='lat' dir='ltr'>vel</span> <span class='ocrx_word' id='word_1_81' title='bbox 798 1734 1021 1818; x_wconf 88' lang='lat' dir='ltr'>thymiamata</span> <span class='ocrx_word' id='word_1_82' title='bbox 1043 1735 1180 1813; x_wconf 87' lang='lat' dir='ltr'>fuerint,</span> <span class='ocrx_word' id='word_1_83' title='bbox 1197 1757 1318 1822; x_wconf 90' lang='lat' dir='ltr'>appro-</span> 
     </span>
     <span class='ocr_line' id='line_1_12' title="bbox 161 1836 1324 1922; baseline 0.003 -22"><span class='ocrx_word' id='word_1_84' title='bbox 161 1838 323 1921; x_wconf 90' lang='lat' dir='ltr'>pinquare</span> <span class='ocrx_word' id='word_1_85' title='bbox 347 1836 503 1902; x_wconf 89' lang='lat' dir='ltr'>audeatis</span> <span class='ocrx_word' id='word_1_86' title='bbox 520 1858 580 1901; x_wconf 91' lang='lat' dir='ltr'>nec</span> <span class='ocrx_word' id='word_1_87' title='bbox 596 1836 740 1901; x_wconf 88' lang='lat' dir='ltr'>adversa</span> <span class='ocrx_word' id='word_1_88' title='bbox 761 1836 911 1900; x_wconf 89' lang='lat' dir='ltr'>inserere</span> <span class='ocrx_word' id='word_1_89' title='bbox 927 1838 1151 1919; x_wconf 87' lang='lat' dir='ltr'>praesumatis.</span> <span class='ocrx_word' id='word_1_90' title='bbox 1195 1839 1324 1922; x_wconf 87' lang='lat' dir='ltr'>Adjuro</span> 
     </span>
     <span class='ocr_line' id='line_1_13' title="bbox 161 1937 1322 2024; baseline 0.001 -19"><span class='ocrx_word' id='word_1_91' title='bbox 161 1948 196 2005; x_wconf 86' lang='lat' dir='ltr'>te</span> <span class='ocrx_word' id='word_1_92' title='bbox 211 1961 273 2024; x_wconf 92' lang='lat' dir='ltr'>per</span> <span class='ocrx_word' id='word_1_93' title='bbox 287 1960 407 2004; x_wconf 88' lang='lat' dir='ltr'>nomen</span> <span class='ocrx_word' id='word_1_94' title='bbox 423 1943 458 2004; x_wconf 92' lang='lat' dir='ltr'>et</span> <span class='ocrx_word' id='word_1_95' title='bbox 472 1961 532 2023; x_wconf 91' lang='lat' dir='ltr'>per</span> <span class='ocrx_word' id='word_1_96' title='bbox 547 1940 709 2004; x_wconf 86' lang='lat' dir='ltr'>virtutem</span> <span class='ocrx_word' id='word_1_97' title='bbox 725 1937 789 2002; x_wconf 91' lang='lat' dir='ltr'>Dei</span> <span class='ocrx_word' id='word_1_98' title='bbox 802 1939 917 2003; x_wconf 88' lang='lat' dir='ltr'>Patris</span> <span class='ocrx_word' id='word_1_99' title='bbox 933 1939 1173 2023; x_wconf 87' lang='lat' dir='ltr'>omnipotentis</span> <span class='ocrx_word' id='word_1_100' title='bbox 1189 1945 1225 2006; x_wconf 93' lang='lat' dir='ltr'>et</span> <span class='ocrx_word' id='word_1_101' title='bbox 1238 1941 1260 2006; x_wconf 91' lang='lat' dir='ltr'><strong>J</strong></span> <span class='ocrx_word' id='word_1_102' title='bbox 1262 1963 1322 2006; x_wconf 89' lang='lat' dir='ltr'>esu</span> 
     </span>
     <span class='ocr_line' id='line_1_14' title="bbox 164 2041 1323 2127; baseline 0.001 -20"><span class='ocrx_word' id='word_1_103' title='bbox 164 2042 290 2108; x_wconf 80' lang='lat' dir='ltr'>Christi</span> <span class='ocrx_word' id='word_1_104' title='bbox 305 2042 384 2107; x_wconf 87' lang='lat' dir='ltr'>Filii</span> <span class='ocrx_word' id='word_1_105' title='bbox 399 2043 483 2126; x_wconf 87' lang='lat' dir='ltr'>ejus,</span> <span class='ocrx_word' id='word_1_106' title='bbox 501 2042 559 2127; x_wconf 93' lang='lat' dir='ltr'>qui</span> <span class='ocrx_word' id='word_1_107' title='bbox 575 2047 740 2108; x_wconf 89' lang='lat' dir='ltr'>venturus</span> <span class='ocrx_word' id='word_1_108' title='bbox 762 2041 865 2106; x_wconf 87' lang='lat' dir='ltr'>estin</span> <span class='ocrx_word' id='word_1_109' title='bbox 882 2041 1010 2127; x_wconf 80' lang='lat' dir='ltr'>Spiritu</span> <span class='ocrx_word' id='word_1_110' title='bbox 1027 2042 1150 2107; x_wconf 89' lang='lat' dir='ltr'>Sancto</span> <span class='ocrx_word' id='word_1_111' title='bbox 1169 2043 1323 2127; x_wconf 86' lang='lat' dir='ltr'>judicare</span> 
     </span>
     <span class='ocr_line' id='line_1_15' title="bbox 164 2144 1321 2232; baseline 0 -22"><span class='ocrx_word' id='word_1_112' title='bbox 164 2146 258 2210; x_wconf 87' lang='lat' dir='ltr'>vivos</span> <span class='ocrx_word' id='word_1_113' title='bbox 288 2165 327 2209; x_wconf 93' lang='lat' dir='ltr'>ac</span> <span class='ocrx_word' id='word_1_114' title='bbox 355 2150 506 2209; x_wconf 91' lang='lat' dir='ltr'>mortuos</span> <span class='ocrx_word' id='word_1_115' title='bbox 540 2148 576 2209; x_wconf 93' lang='lat' dir='ltr'>et</span> <span class='ocrx_word' id='word_1_116' title='bbox 608 2165 668 2208; x_wconf 87' lang='lat' dir='ltr'>vos</span> <span class='ocrx_word' id='word_1_117' title='bbox 699 2144 975 2230; x_wconf 83' lang='lat' dir='ltr'>praevaricatores</span> <span class='ocrx_word' id='word_1_118' title='bbox 1006 2149 1041 2209; x_wconf 89' lang='lat' dir='ltr'>et</span> <span class='ocrx_word' id='word_1_119' title='bbox 1072 2145 1229 2210; x_wconf 86' lang='lat' dir='ltr'>saeculum</span> <span class='ocrx_word' id='word_1_120' title='bbox 1260 2167 1321 2232; x_wconf 86' lang='lat' dir='ltr'>per</span> 
     </span>
     <span class='ocr_line' id='line_1_16' title="bbox 166 2249 454 2334; baseline 0.003 -23"><span class='ocrx_word' id='word_1_121' title='bbox 166 2249 289 2334; x_wconf 88' lang='lat' dir='ltr'>ignem.</span> <span class='ocrx_word' id='word_1_122' title='bbox 334 2249 454 2313; x_wconf 86' lang='lat' dir='ltr'>Amen.</span> 
     </span>
    </p>

    <p class='ocr_par' dir='ltr' id='par_1_4' title="bbox 160 2347 1336 4386">
     <span class='ocr_line' id='line_1_17' title="bbox 189 2347 1324 2434; baseline 0.001 -18"><span class='ocrx_word' id='word_1_123' title='bbox 189 2353 385 2417; x_wconf 84' lang='lat' dir='ltr'>‘AEternam</span> <span class='ocrx_word' id='word_1_124' title='bbox 409 2371 448 2415; x_wconf 91' lang='lat' dir='ltr'>ac</span> <span class='ocrx_word' id='word_1_125' title='bbox 467 2349 692 2433; x_wconf 87' lang='lat' dir='ltr'>justissimam</span> <span class='ocrx_word' id='word_1_126' title='bbox 715 2349 876 2433; x_wconf 88' lang='lat' dir='ltr'>pietatem</span> <span class='ocrx_word' id='word_1_127' title='bbox 897 2354 989 2412; x_wconf 90' lang='lat' dir='ltr'>tuam</span> <span class='ocrx_word' id='word_1_128' title='bbox 1013 2347 1241 2434; x_wconf 85' lang='lat' dir='ltr'>deprecamur,</span> <span class='ocrx_word' id='word_1_129' title='bbox 1256 2350 1324 2417; x_wconf 89' lang='lat' dir='ltr'>Do·</span> 
     </span>
     <span class='ocr_line' id='line_1_18' title="bbox 160 2451 1324 2537; baseline -0.001 -15"><span class='ocrx_word' id='word_1_130' title='bbox 160 2459 259 2533; x_wconf 88' lang='lat' dir='ltr'>mine,</span> <span class='ocrx_word' id='word_1_131' title='bbox 271 2455 481 2522; x_wconf 87' lang='lat' dir='ltr'>sanctissimo</span> <span class='ocrx_word' id='word_1_132' title='bbox 492 2455 603 2530; x_wconf 88' lang='lat' dir='ltr'>Pater,</span> <span class='ocrx_word' id='word_1_133' title='bbox 614 2453 825 2537; x_wconf 88' lang='lat' dir='ltr'>omnipotens</span> <span class='ocrx_word' id='word_1_134' title='bbox 835 2459 957 2518; x_wconf 87' lang='lat' dir='ltr'>aeterne</span> <span class='ocrx_word' id='word_1_135' title='bbox 968 2451 1070 2531; x_wconf 89' lang='lat' dir='ltr'>Deus,</span> <span class='ocrx_word' id='word_1_136' title='bbox 1081 2459 1120 2519; x_wconf 91' lang='lat' dir='ltr'>ut</span> <span class='ocrx_word' id='word_1_137' title='bbox 1129 2456 1324 2520; x_wconf 89' lang='lat' dir='ltr'>benedicere</span> 
     </span>
     <span class='ocr_line' id='line_1_19' title="bbox 164 2555 1325 2646; baseline 0 -22"><span class='ocrx_word' id='word_1_138' title='bbox 164 2560 313 2646; x_wconf 88' lang='lat' dir='ltr'>digneris</span> <span class='ocrx_word' id='word_1_139' title='bbox 328 2560 399 2622; x_wconf 80' lang='lat' dir='ltr'>hac</span> <span class='ocrx_word' id='word_1_140' title='bbox 414 2557 637 2642; x_wconf 86' lang='lat' dir='ltr'>thymiamata</span> <span class='ocrx_word' id='word_1_141' title='bbox 652 2556 707 2619; x_wconf 87' lang='lat' dir='ltr'>vel</span> <span class='ocrx_word' id='word_1_142' title='bbox 723 2556 852 2621; x_wconf 91' lang='lat' dir='ltr'>incensi</span> <span class='ocrx_word' id='word_1_143' title='bbox 869 2555 1024 2640; x_wconf 90' lang='lat' dir='ltr'>speeiem,</span> <span class='ocrx_word' id='word_1_144' title='bbox 1038 2562 1078 2620; x_wconf 90' lang='lat' dir='ltr'>ut</span> <span class='ocrx_word' id='word_1_145' title='bbox 1093 2556 1139 2622; x_wconf 88' lang='lat' dir='ltr'>sit</span> <span class='ocrx_word' id='word_1_146' title='bbox 1153 2558 1325 2624; x_wconf 88' lang='lat' dir='ltr'>incensum</span> 
     </span>
     <span class='ocr_line' id='line_1_20' title="bbox 162 2658 1322 2747; baseline 0.001 -20"><span class='ocrx_word' id='word_1_147' title='bbox 162 2662 334 2747; x_wconf 89' lang='lat' dir='ltr'>majestati</span> <span class='ocrx_word' id='word_1_148' title='bbox 355 2666 421 2726; x_wconf 85' lang='lat' dir='ltr'>tuae</span> <span class='ocrx_word' id='word_1_149' title='bbox 443 2659 477 2722; x_wconf 89' lang='lat' dir='ltr'>in</span> <span class='ocrx_word' id='word_1_150' title='bbox 505 2659 606 2722; x_wconf 90' lang='lat' dir='ltr'>odore</span> <span class='ocrx_word' id='word_1_151' title='bbox 633 2659 813 2723; x_wconf 87' lang='lat' dir='ltr'>suavitatis</span> <span class='ocrx_word' id='word_1_152' title='bbox 840 2662 1024 2743; x_wconf 88' lang='lat' dir='ltr'>acceptum.</span> <span class='ocrx_word' id='word_1_153' title='bbox 1072 2658 1123 2724; x_wconf 83' lang='lat' dir='ltr'>Sit</span> <span class='ocrx_word' id='word_1_154' title='bbox 1145 2681 1166 2723; x_wconf 93' lang='lat' dir='ltr'>a</span> <span class='ocrx_word' id='word_1_155' title='bbox 1193 2669 1226 2725; x_wconf 89' lang='lat' dir='ltr'>te</span> <span class='ocrx_word' id='word_1_156' title='bbox 1252 2663 1322 2729; x_wconf 79' lang='lat' dir='ltr'>hac</span> 
     </span>
     <span class='ocr_line' id='line_1_21' title="bbox 165 2760 1327 2852; baseline -0.002 -22"><span class='ocrx_word' id='word_1_157' title='bbox 165 2765 294 2852; x_wconf 87' lang='lat' dir='ltr'>speeies</span> <span class='ocrx_word' id='word_1_158' title='bbox 319 2763 506 2837; x_wconf 85' lang='lat' dir='ltr'>benedicta,</span> <span class='ocrx_word' id='word_1_159' title='bbox 534 2761 580 2826; x_wconf 85' lang='lat' dir='ltr'>sit</span> <span class='ocrx_word' id='word_1_160' title='bbox 605 2781 666 2846; x_wconf 92' lang='lat' dir='ltr'>per</span> <span class='ocrx_word' id='word_1_161' title='bbox 695 2761 939 2825; x_wconf 88' lang='lat' dir='ltr'>invocationem</span> <span class='ocrx_word' id='word_1_162' title='bbox 971 2760 1080 2825; x_wconf 88' lang='lat' dir='ltr'>sancti</span> <span class='ocrx_word' id='word_1_163' title='bbox 1106 2762 1250 2826; x_wconf 91' lang='lat' dir='ltr'>nominis</span> <span class='ocrx_word' id='word_1_164' title='bbox 1276 2763 1327 2828; x_wconf 89' lang='lat' dir='ltr'>tui</span> 
     </span>
     <span class='ocr_line' id='line_1_22' title="bbox 167 2862 1330 2947; baseline -0.003 -14"><span class='ocrx_word' id='word_1_165' title='bbox 167 2867 386 2941; x_wconf 87' lang='lat' dir='ltr'>sanctificata,</span> <span class='ocrx_word' id='word_1_166' title='bbox 398 2865 447 2929; x_wconf 92' lang='lat' dir='ltr'>ita</span> <span class='ocrx_word' id='word_1_167' title='bbox 463 2868 501 2929; x_wconf 90' lang='lat' dir='ltr'>ut</span> <span class='ocrx_word' id='word_1_168' title='bbox 515 2863 704 2947; x_wconf 89' lang='lat' dir='ltr'>ubieunque</span> <span class='ocrx_word' id='word_1_169' title='bbox 716 2864 829 2926; x_wconf 87' lang='lat' dir='ltr'>fumus</span> <span class='ocrx_word' id='word_1_170' title='bbox 841 2862 916 2945; x_wconf 89' lang='lat' dir='ltr'>ejus</span> <span class='ocrx_word' id='word_1_171' title='bbox 931 2863 1132 2947; x_wconf 86' lang='lat' dir='ltr'>pervenerit,</span> <span class='ocrx_word' id='word_1_172' title='bbox 1146 2864 1330 2930; x_wconf 85' lang='lat' dir='ltr'>extricetur</span> 
     </span>
     <span class='ocr_line' id='line_1_23' title="bbox 167 2965 1328 3054; baseline -0.003 -18"><span class='ocrx_word' id='word_1_173' title='bbox 167 2976 202 3036; x_wconf 92' lang='lat' dir='ltr'>et</span> <span class='ocrx_word' id='word_1_174' title='bbox 232 2970 401 3054; x_wconf 86' lang='lat' dir='ltr'>effugetur</span> <span class='ocrx_word' id='word_1_175' title='bbox 434 2966 477 3030; x_wconf 93' lang='lat' dir='ltr'>ab</span> <span class='ocrx_word' id='word_1_176' title='bbox 512 2987 551 3029; x_wconf 91' lang='lat' dir='ltr'>eo</span> <span class='ocrx_word' id='word_1_177' title='bbox 585 2965 659 3030; x_wconf 93' lang='lat' dir='ltr'>loco</span> <span class='ocrx_word' id='word_1_178' title='bbox 690 2987 787 3029; x_wconf 91' lang='lat' dir='ltr'>omne</span> <span class='ocrx_word' id='word_1_179' title='bbox 821 2985 928 3050; x_wconf 89' lang='lat' dir='ltr'>genus</span> <span class='ocrx_word' id='word_1_180' title='bbox 963 2965 1209 3043; x_wconf 87' lang='lat' dir='ltr'>daemoniorum,</span> <span class='ocrx_word' id='word_1_181' title='bbox 1240 2968 1328 3033; x_wconf 85' lang='lat' dir='ltr'>sieut</span> 
     </span>
     <span class='ocr_line' id='line_1_24' title="bbox 165 3066 1326 3153; baseline -0.002 -17"><span class='ocrx_word' id='word_1_182' title='bbox 165 3076 305 3137; x_wconf 90' lang='lat' dir='ltr'>incensu</span> <span class='ocrx_word' id='word_1_183' title='bbox 330 3069 457 3153; x_wconf 88' lang='lat' dir='ltr'>jecoris</span> <span class='ocrx_word' id='word_1_184' title='bbox 487 3068 601 3153; x_wconf 89' lang='lat' dir='ltr'>piscis,</span> <span class='ocrx_word' id='word_1_185' title='bbox 629 3089 727 3152; x_wconf 92' lang='lat' dir='ltr'>quem</span> <span class='ocrx_word' id='word_1_186' title='bbox 755 3066 907 3152; x_wconf 88' lang='lat' dir='ltr'>Raphael</span> <span class='ocrx_word' id='word_1_187' title='bbox 939 3067 1162 3152; x_wconf 83' lang='lat' dir='ltr'>archangelus</span> <span class='ocrx_word' id='word_1_188' title='bbox 1189 3068 1326 3136; x_wconf 74' lang='lat' dir='ltr'>&#39;sobiam</span> 
     </span>
     <span class='ocr_line' id='line_1_25' title="bbox 169 3168 1331 3261; baseline -0.002 -21"><span class='ocrx_word' id='word_1_189' title='bbox 169 3172 332 3240; x_wconf 86' lang='lat' dir='ltr'>famulum</span> <span class='ocrx_word' id='word_1_190' title='bbox 348 3175 444 3235; x_wconf 89' lang='lat' dir='ltr'>tuum</span> <span class='ocrx_word' id='word_1_191' title='bbox 462 3191 564 3254; x_wconf 79' lang='lat' dir='ltr'>super</span> <span class='ocrx_word' id='word_1_192' title='bbox 574 3172 742 3261; x_wconf 25' lang='lat' dir='ltr'>&#39;carbones</span> <span class='ocrx_word' id='word_1_193' title='bbox 757 3190 881 3254; x_wconf 91' lang='lat' dir='ltr'>ponere</span> <span class='ocrx_word' id='word_1_194' title='bbox 898 3168 1021 3246; x_wconf 88' lang='lat' dir='ltr'>docuit,</span> <span class='ocrx_word' id='word_1_195' title='bbox 1033 3187 1107 3233; x_wconf 88' lang='lat' dir='ltr'>cum</span> <span class='ocrx_word' id='word_1_196' title='bbox 1123 3171 1274 3237; x_wconf 78' lang='lat' dir='ltr'>ascendit</span> <span class='ocrx_word' id='word_1_197' title='bbox 1289 3173 1331 3238; x_wconf 88' lang='lat' dir='ltr'>ad</span> 
     </span>
     <span class='ocr_line' id='line_1_26' title="bbox 170 3271 1330 3359; baseline 0 -18"><span class='ocrx_word' id='word_1_198' title='bbox 170 3277 260 3341; x_wconf 81' lang='lat' dir='ltr'>Sarae</span> <span class='ocrx_word' id='word_1_199' title='bbox 274 3273 521 3339; x_wconf 87' lang='lat' dir='ltr'>liberationem.</span> <span class='ocrx_word' id='word_1_200' title='bbox 566 3271 759 3337; x_wconf 88' lang='lat' dir='ltr'>Descendat</span> <span class='ocrx_word' id='word_1_201' title='bbox 769 3272 957 3337; x_wconf 87' lang='lat' dir='ltr'>benedictio</span> <span class='ocrx_word' id='word_1_202' title='bbox 973 3292 1074 3355; x_wconf 89' lang='lat' dir='ltr'>super</span> <span class='ocrx_word' id='word_1_203' title='bbox 1085 3272 1172 3337; x_wconf 90' lang='lat' dir='ltr'>hanc</span> <span class='ocrx_word' id='word_1_204' title='bbox 1186 3275 1330 3359; x_wconf 85' lang='lat' dir='ltr'>speciem</span> 
     </span>
     <span class='ocr_line' id='line_1_27' title="bbox 167 3373 1330 3462; baseline 0 -18"><span class='ocrx_word' id='word_1_205' title='bbox 167 3379 296 3444; x_wconf 88' lang='lat' dir='ltr'>incensi</span> <span class='ocrx_word' id='word_1_206' title='bbox 318 3382 353 3442; x_wconf 89' lang='lat' dir='ltr'>et</span> <span class='ocrx_word' id='word_1_207' title='bbox 375 3377 615 3462; x_wconf 88' lang='lat' dir='ltr'>thymiamatis,</span> <span class='ocrx_word' id='word_1_208' title='bbox 633 3377 721 3442; x_wconf 90' lang='lat' dir='ltr'>sicut</span> <span class='ocrx_word' id='word_1_209' title='bbox 742 3377 778 3439; x_wconf 91' lang='lat' dir='ltr'>in</span> <span class='ocrx_word' id='word_1_210' title='bbox 802 3375 858 3439; x_wconf 94' lang='lat' dir='ltr'>illo</span> <span class='ocrx_word' id='word_1_211' title='bbox 882 3375 922 3439; x_wconf 91' lang='lat' dir='ltr'>de</span> <span class='ocrx_word' id='word_1_212' title='bbox 944 3396 1009 3459; x_wconf 95' lang='lat' dir='ltr'>quo</span> <span class='ocrx_word' id='word_1_213' title='bbox 1032 3373 1142 3439; x_wconf 85' lang='lat' dir='ltr'>David</span> <span class='ocrx_word' id='word_1_214' title='bbox 1164 3377 1330 3461; x_wconf 89' lang='lat' dir='ltr'>propheta</span> 
     </span>
     <span class='ocr_line' id='line_1_28' title="bbox 169 3476 1329 3563; baseline -0.003 -16"><span class='ocrx_word' id='word_1_215' title='bbox 169 3490 250 3548; x_wconf 88' lang='lat' dir='ltr'>tuus</span> <span class='ocrx_word' id='word_1_216' title='bbox 262 3480 382 3545; x_wconf 91' lang='lat' dir='ltr'>cecinit</span> <span class='ocrx_word' id='word_1_217' title='bbox 397 3479 530 3552; x_wconf 90' lang='lat' dir='ltr'>dicens;</span> <span class='ocrx_word' id='word_1_218' title='bbox 555 3485 574 3512; x_wconf 92' lang='lat'>“</span> <span class='ocrx_word' id='word_1_219' title='bbox 586 3478 762 3563; x_wconf 90' lang='lat' dir='ltr'>Dirigatur</span> <span class='ocrx_word' id='word_1_220' title='bbox 782 3477 890 3542; x_wconf 90' lang='lat' dir='ltr'>oratio</span> <span class='ocrx_word' id='word_1_221' title='bbox 906 3498 981 3540; x_wconf 90' lang='lat' dir='ltr'>mea</span> <span class='ocrx_word' id='word_1_222' title='bbox 1005 3476 1092 3542; x_wconf 88' lang='lat' dir='ltr'>sicut</span> <span class='ocrx_word' id='word_1_223' title='bbox 1106 3477 1279 3542; x_wconf 88' lang='lat' dir='ltr'>incensum</span> <span class='ocrx_word' id='word_1_224' title='bbox 1295 3481 1329 3544; x_wconf 91' lang='lat' dir='ltr'>in</span> 
     </span>
     <span class='ocr_line' id='line_1_29' title="bbox 171 3579 1330 3670; baseline -0.002 -20"><span class='ocrx_word' id='word_1_225' title='bbox 171 3589 352 3670; x_wconf 84' lang='lat' dir='ltr'>conspectu</span> <span class='ocrx_word' id='word_1_226' title='bbox 376 3588 464 3647; x_wconf 88' lang='lat' dir='ltr'>tuo.”</span> <span class='ocrx_word' id='word_1_227' title='bbox 513 3581 566 3646; x_wconf 88' lang='lat' dir='ltr'>Sit</span> <span class='ocrx_word' id='word_1_228' title='bbox 587 3583 650 3645; x_wconf 93' lang='lat' dir='ltr'>hoc</span> <span class='ocrx_word' id='word_1_229' title='bbox 672 3583 843 3646; x_wconf 91' lang='lat' dir='ltr'>incensum</span> <span class='ocrx_word' id='word_1_230' title='bbox 867 3580 963 3645; x_wconf 88' lang='lat' dir='ltr'>nobis</span> <span class='ocrx_word' id='word_1_231' title='bbox 986 3579 1068 3645; x_wconf 88' lang='lat' dir='ltr'>odor</span> <span class='ocrx_word' id='word_1_232' title='bbox 1082 3582 1330 3660; x_wconf 84' lang='lat' dir='ltr'>consolationis,</span> 
     </span>
     <span class='ocr_line' id='line_1_30' title="bbox 174 3685 1332 3770; baseline -0.003 -16"><span class='ocrx_word' id='word_1_233' title='bbox 174 3687 353 3754; x_wconf 88' lang='lat' dir='ltr'>suavitatis</span> <span class='ocrx_word' id='word_1_234' title='bbox 376 3691 411 3750; x_wconf 89' lang='lat' dir='ltr'>et</span> <span class='ocrx_word' id='word_1_235' title='bbox 434 3685 563 3770; x_wconf 86' lang='lat' dir='ltr'>gratiae,</span> <span class='ocrx_word' id='word_1_236' title='bbox 587 3690 626 3750; x_wconf 89' lang='lat' dir='ltr'>ut</span> <span class='ocrx_word' id='word_1_237' title='bbox 646 3686 737 3749; x_wconf 88' lang='lat' dir='ltr'>fumo</span> <span class='ocrx_word' id='word_1_238' title='bbox 760 3685 826 3748; x_wconf 89' lang='lat' dir='ltr'>isto</span> <span class='ocrx_word' id='word_1_239' title='bbox 851 3685 1019 3769; x_wconf 88' lang='lat' dir='ltr'>effugetur</span> <span class='ocrx_word' id='word_1_240' title='bbox 1045 3705 1141 3748; x_wconf 90' lang='lat' dir='ltr'>omne</span> <span class='ocrx_word' id='word_1_241' title='bbox 1163 3685 1332 3751; x_wconf 77' lang='lat' dir='ltr'>fantasma</span> 
     </span>
     <span class='ocr_line' id='line_1_31' title="bbox 172 3785 1330 3872; baseline -0.005 -15"><span class='ocrx_word' id='word_1_242' title='bbox 172 3792 295 3856; x_wconf 89' lang='lat' dir='ltr'>mentis</span> <span class='ocrx_word' id='word_1_243' title='bbox 311 3793 346 3853; x_wconf 90' lang='lat' dir='ltr'>et</span> <span class='ocrx_word' id='word_1_244' title='bbox 362 3788 523 3872; x_wconf 88' lang='lat' dir='ltr'>corporis,</span> <span class='ocrx_word' id='word_1_245' title='bbox 537 3795 576 3853; x_wconf 92' lang='lat' dir='ltr'>ut</span> <span class='ocrx_word' id='word_1_246' title='bbox 589 3789 701 3864; x_wconf 88' lang='lat' dir='ltr'>simus,</span> <span class='ocrx_word' id='word_1_247' title='bbox 715 3786 812 3851; x_wconf 88' lang='lat' dir='ltr'>Pauli</span> <span class='ocrx_word' id='word_1_248' title='bbox 828 3785 975 3871; x_wconf 90' lang='lat' dir='ltr'>apostoli</span> <span class='ocrx_word' id='word_1_249' title='bbox 991 3807 1081 3863; x_wconf 90' lang='lat' dir='ltr'>voce,</span> <span class='ocrx_word' id='word_1_250' title='bbox 1096 3795 1114 3822; x_wconf 91' lang='lat'>“</span> <span class='ocrx_word' id='word_1_251' title='bbox 1125 3788 1233 3853; x_wconf 90' lang='lat' dir='ltr'>bonus</span> <span class='ocrx_word' id='word_1_252' title='bbox 1249 3788 1330 3852; x_wconf 91' lang='lat' dir='ltr'>odor</span> 
     </span>
     <span class='ocr_line' id='line_1_32' title="bbox 172 3887 1330 3974; baseline -0.004 -16"><span class='ocrx_word' id='word_1_253' title='bbox 172 3895 243 3958; x_wconf 88' lang='lat' dir='ltr'>Deo</span> <span class='ocrx_word' id='word_1_254' title='bbox 259 3891 395 3955; x_wconf 91' lang='lat' dir='ltr'>inomni</span> <span class='ocrx_word' id='word_1_255' title='bbox 411 3890 515 3955; x_wconf 84' lang='lat' dir='ltr'>loco.’&#39;</span> <span class='ocrx_word' id='word_1_256' title='bbox 561 3889 734 3974; x_wconf 82' lang='lat' dir='ltr'>Effugiant</span> <span class='ocrx_word' id='word_1_257' title='bbox 750 3887 866 3952; x_wconf 81' lang='lat' dir='ltr'>aiacie</span> <span class='ocrx_word' id='word_1_258' title='bbox 883 3887 985 3970; x_wconf 90' lang='lat' dir='ltr'>hujus</span> <span class='ocrx_word' id='word_1_259' title='bbox 1001 3888 1127 3952; x_wconf 87' lang='lat' dir='ltr'>incensi</span> <span class='ocrx_word' id='word_1_260' title='bbox 1140 3894 1174 3953; x_wconf 90' lang='lat' dir='ltr'>et</span> <span class='ocrx_word' id='word_1_261' title='bbox 1189 3889 1330 3974; x_wconf 88' lang='lat' dir='ltr'>thymia·</span> 
     </span>
     <span class='ocr_line' id='line_1_33' title="bbox 176 3989 1335 4073; baseline -0.004 -14"><span class='ocrx_word' id='word_1_262' title='bbox 176 3996 278 4061; x_wconf 89' lang='lat' dir='ltr'>matis</span> <span class='ocrx_word' id='word_1_263' title='bbox 294 3993 401 4056; x_wconf 88' lang='lat' dir='ltr'>omnis</span> <span class='ocrx_word' id='word_1_264' title='bbox 423 3993 579 4058; x_wconf 86' lang='lat' dir='ltr'>incursus</span> <span class='ocrx_word' id='word_1_265' title='bbox 602 3991 849 4067; x_wconf 72' lang='lat' dir='ltr'>demoniorum,</span> <span class='ocrx_word' id='word_1_266' title='bbox 867 3989 954 4055; x_wconf 88' lang='lat' dir='ltr'>sicut</span> <span class='ocrx_word' id='word_1_267' title='bbox 968 3989 1081 4073; x_wconf 84' lang='lat' dir='ltr'>pulvis</span> <span class='ocrx_word' id='word_1_268' title='bbox 1105 3991 1225 4055; x_wconf 89' lang='lat' dir='ltr'>afacie</span> <span class='ocrx_word' id='word_1_269' title='bbox 1241 3993 1335 4056; x_wconf 84' lang='lat' dir='ltr'>venti</span> 
     </span>
     <span class='ocr_line' id='line_1_34' title="bbox 178 4093 1334 4179; baseline -0.005 -16"><span class='ocrx_word' id='word_1_270' title='bbox 178 4105 212 4164; x_wconf 90' lang='lat' dir='ltr'>et</span> <span class='ocrx_word' id='word_1_271' title='bbox 243 4099 330 4163; x_wconf 88' lang='lat' dir='ltr'>sicut</span> <span class='ocrx_word' id='word_1_272' title='bbox 355 4097 467 4161; x_wconf 81' lang='lat' dir='ltr'>tumus</span> <span class='ocrx_word' id='word_1_273' title='bbox 497 4119 518 4162; x_wconf 88' lang='lat' dir='ltr'>a</span> <span class='ocrx_word' id='word_1_274' title='bbox 543 4097 628 4161; x_wconf 88' lang='lat' dir='ltr'>facie</span> <span class='ocrx_word' id='word_1_275' title='bbox 653 4095 752 4179; x_wconf 89' lang='lat' dir='ltr'>ignis.</span> <span class='ocrx_word' id='word_1_276' title='bbox 796 4094 931 4170; x_wconf 87' lang='lat' dir='ltr'>Praesta,</span> <span class='ocrx_word' id='word_1_277' title='bbox 960 4115 1158 4177; x_wconf 88' lang='lat' dir='ltr'>quaesumus,</span> <span class='ocrx_word' id='word_1_278' title='bbox 1185 4093 1334 4179; x_wconf 85' lang='lat' dir='ltr'>piissime</span> 
     </span>
     <span class='ocr_line' id='line_1_35' title="bbox 179 4196 1336 4281; baseline -0.003 -16"><span class='ocrx_word' id='word_1_279' title='bbox 179 4203 294 4276; x_wconf 90' lang='lat' dir='ltr'>Pater,</span> <span class='ocrx_word' id='word_1_280' title='bbox 316 4200 379 4264; x_wconf 90' lang='lat' dir='ltr'>hoc</span> <span class='ocrx_word' id='word_1_281' title='bbox 405 4200 483 4264; x_wconf 90' lang='lat' dir='ltr'>boni</span> <span class='ocrx_word' id='word_1_282' title='bbox 510 4199 622 4264; x_wconf 88' lang='lat' dir='ltr'>odoris</span> <span class='ocrx_word' id='word_1_283' title='bbox 648 4198 821 4261; x_wconf 89' lang='lat' dir='ltr'>incensum</span> <span class='ocrx_word' id='word_1_284' title='bbox 848 4197 891 4261; x_wconf 91' lang='lat' dir='ltr'>ad</span> <span class='ocrx_word' id='word_1_285' title='bbox 918 4217 1001 4281; x_wconf 88' lang='lat' dir='ltr'>opus</span> <span class='ocrx_word' id='word_1_286' title='bbox 1026 4196 1174 4262; x_wconf 81' lang='lat' dir='ltr'>ecclesia</span> <span class='ocrx_word' id='word_1_287' title='bbox 1201 4201 1267 4261; x_wconf 81' lang='lat' dir='ltr'>tua</span> <span class='ocrx_word' id='word_1_288' title='bbox 1294 4197 1336 4262; x_wconf 89' lang='lat' dir='ltr'>ob</span> 
     </span>
     <span class='ocr_line' id='line_1_36' title="bbox 179 4299 1334 4386; baseline -0.005 -18"><span class='ocrx_word' id='word_1_289' title='bbox 179 4324 315 4368; x_wconf 86' lang='lat' dir='ltr'>causam</span> <span class='ocrx_word' id='word_1_290' title='bbox 331 4301 507 4386; x_wconf 90' lang='lat' dir='ltr'>religionis</span> <span class='ocrx_word' id='word_1_291' title='bbox 527 4301 657 4386; x_wconf 89' lang='lat' dir='ltr'>jugiter</span> <span class='ocrx_word' id='word_1_292' title='bbox 677 4319 883 4384; x_wconf 90' lang='lat' dir='ltr'>permanere,</span> <span class='ocrx_word' id='word_1_293' title='bbox 899 4304 939 4362; x_wconf 90' lang='lat' dir='ltr'>ut</span> <span class='ocrx_word' id='word_1_294' title='bbox 954 4300 1096 4384; x_wconf 87' lang='lat' dir='ltr'>mystica</span> <span class='ocrx_word' id='word_1_295' title='bbox 1110 4299 1207 4364; x_wconf 88' lang='lat' dir='ltr'>nobis</span> <span class='ocrx_word' id='word_1_296' title='bbox 1230 4299 1334 4385; x_wconf 84' lang='lat' dir='ltr'>signi-</span> 
     </span>
    </p>
   </div>
   <div class='ocr_carea' id='block_1_4' title="bbox 0 0 1498 4996">
    <p class='ocr_par' dir='ltr' id='par_1_5' title="bbox 0 0 1498 4996">
     <span class='ocr_line' id='line_1_37' title="bbox 0 0 1498 4996; baseline 0 0"><span class='ocrx_word' id='word_1_297' title='bbox 0 0 1498 4996; x_wconf 95' lang='lat' dir='ltr'> </span> 
     </span>
    </p>
   </div>
  </div>
 </body>
</html>
