2940 4996
445 434 488 496 la
505 435 734 498 Dedicotioae
752 433 920 498 Basilica
936 454 1039 497 noooe.
1262 430 1329 496 327

167 642 361 704 reverenter
376 644 542 724 aptamus.
589 638 752 717 Concede,
765 660 966 722 quaesumus,
979 644 1019 705 ut
1033 644 1068 704 et
1083 644 1185 724 grata
1201 658 1333 722 semper

170 742 278 806 oculis
304 749 370 808 tuae
398 744 589 828 majestatis
616 747 813 829 appareant,
841 747 876 807 et
903 742 1069 809 salutaria
1095 742 1169 807 fieri
1196 741 1330 827 populis

169 845 375 912 Christianis
406 848 527 911 beatus
554 846 612 911 ille
643 852 773 932 martyr
799 847 896 930 cujus
926 847 990 911 tibi
1020 847 1176 912 dicantur
1205 847 1331 910 honore

171 950 336 1016 obtineat.
382 951 448 1014 Per
464 950 654 1015 Dominum.

210 1052 298 1111 Alia.

211 1148 416 1232 Apostolieae
442 1149 640 1214 reverentia
664 1149 796 1213 culmen
820 1147 1002 1224 offerimus,
1027 1150 1135 1213 sacris
1161 1149 1332 1235 mysteriis

168 1251 403 1328 imbuendum
439 1258 573 1335 praesta,
607 1273 809 1336 quaesumus,
843 1251 999 1328 Domine,
1033 1256 1073 1316 ut
1105 1253 1198 1318 beati
1231 1253 1330 1316 illius

166 1355 339 1440 suffragiis
366 1356 436 1419 haec
463 1356 560 1439 plebs
586 1360 647 1420 tua
674 1375 807 1439 semper
834 1361 870 1420 et
896 1377 958 1420 sua
984 1361 1065 1421 vota
1092 1358 1269 1440 depromat
1294 1362 1330 1420 et

166 1457 361 1523 desiderata
376 1458 555 1542 percipiat.
600 1459 666 1522 Per
681 1457 872 1523 Dominum.

208 1560 357 1635 Proefotio.

209 1655 253 1719 V.
269 1655 311 1719 D.
356 1657 498 1720 AEterne
519 1656 623 1719 Deus.
668 1656 734 1719 Per
749 1677 848 1740 quem
864 1661 898 1720 te
916 1656 1085 1742 supplices
1101 1658 1328 1742 deprecamur,

166 1763 204 1821 ut
220 1758 329 1823 altare
345 1760 420 1835 hoc,
438 1759 565 1824 sanctis
582 1760 699 1823 usibus
715 1765 951 1844 praeparatum,
968 1760 1096 1826 coelesti
1120 1762 1329 1827 dedicatione

164 1863 356 1927 sanctifices
366 1887 375 1940 ;
399 1870 437 1927 ut
455 1861 812 1953 sicutMelchisedech
830 1864 1016 1929 sacerdotis
1032 1866 1191 1950 praecipui
1208 1864 1329 1930 oblati·

164 1986 262 2029 onem
285 1966 483 2052 dignatione
506 1966 652 2030 mirabili
678 1968 869 2052 suscepisti,
885 1968 935 2032 ita
956 1968 1119 2054 imposita
1141 1991 1228 2034 novo
1250 1968 1330 2032 huic

166 2090 307 2134 munera
333 2070 436 2134 altari
467 2091 600 2153 semper
631 2075 771 2154 accepta
800 2070 891 2133 ferre
921 2071 1093 2154 digneris3
1118 2079 1157 2137 ut
1185 2071 1331 2157 populus

165 2181 245 2238 tuus
261 2176 296 2238 in
319 2176 382 2240 hac
406 2175 557 2238 ecclesia
579 2174 677 2237 domo
702 2181 819 2238 sancta
842 2174 1057 2251 conveniens,
1073 2197 1133 2260 per
1154 2176 1223 2239 haec
1247 2195 1331 2259 pura

163 2278 327 2343 libamina
349 2277 478 2342 coelesti
506 2278 774 2342 sanctificatione
799 2278 963 2353 salvatus,
986 2279 1173 2342 animarum
1198 2297 1330 2362 quoque

165 2402 302 2445 suarum
319 2381 463 2446 salutem
480 2387 678 2466 perpetuam
695 2387 932 2465 consequatur.
977 2381 1043 2445 Per
1059 2380 1241 2447 Christum.

207 2484 295 2541 Alia.

207 2580 252 2642 V.
283 2580 325 2643 D.
371 2581 512 2644 AEterne
546 2580 650 2644 Deus.
697 2580 925 2644 Obsecrantes
960 2586 998 2646 ut
1029 2582 1098 2643 haec
1134 2581 1223 2646 atria
1255 2583 1325 2647 tuis

163 2684 330 2749 initianda
358 2684 579 2747 sacramentis
609 2684 779 2768 propitius
807 2705 941 2769 semper
965 2684 1123 2769 aspicias,
1148 2690 1182 2749 et
1208 2687 1326 2773 implo-

165 2789 319 2852 rantibus
350 2810 444 2873 opem
477 2794 571 2852 tuam
605 2787 798 2850 misericors
827 2787 1009 2871 largiaris3
1044 2787 1221 2872 praecipue,
1251 2811 1325 2854 cum

165 2893 267 2976 hujus
290 2893 437 2956 basilicae
462 2891 583 2976 praesul
610 2891 760 2953 adscitus
787 2889 991 2955 venerabilis
1017 2890 1171 2956 Andreas
1196 2893 1328 2958 oblator

165 2995 303 3071 existat,
334 2996 391 3079 qui
422 2994 516 3059 beati
546 2994 639 3057 Petri
670 2993 832 3076 principis
863 2992 1056 3075 apostolica
1087 2993 1265 3078 dignitatis
1293 3004 1328 3061 et

163 3098 319 3162 felicibus
357 3099 434 3162 vitae
473 3097 665 3180 primordiis
701 3101 736 3161 et
772 3095 918 3159 coelestis
956 3095 1082 3158 honore
1120 3097 1254 3182 collegii
1291 3103 1327 3164 et

161 3203 339 3288 magnifico
355 3206 532 3287 permanet
547 3200 612 3265 fine
628 3221 818 3285 germanus.
864 3200 929 3262 Per
947 3197 1130 3263 Christum.

205 3307 289 3364 Alco.

210 3401 252 3464 V.
283 3401 325 3465 D.
370 3402 511 3464 AEterne
543 3399 646 3462 Deus.
693 3397 744 3460 Tu
774 3397 910 3474 etenim,
939 3394 1092 3474 Domine,
1117 3418 1184 3461 non
1215 3396 1322 3463 solum

165 3505 338 3587 majestati
373 3509 437 3567 tuae
471 3501 630 3565 fabricari
665 3500 824 3576 sacraria,
856 3500 1028 3583 dicarique
1063 3500 1232 3577 tribuisti;
1264 3502 1322 3566 sed

162 3613 355 3672 sanctorum
378 3626 509 3689 quoque
533 3604 677 3688 largitus
701 3625 737 3667 es
761 3603 892 3668 meritis
915 3603 1087 3687 applicari,
1103 3609 1142 3668 ut
1164 3609 1199 3669 et
1218 3604 1321 3668 divini

162 3712 305 3776 nominis
339 3709 587 3772 inchoationem
621 3709 784 3792 praeberet
818 3706 1009 3770 veneranda
1044 3705 1249 3772 constructio
1287 3712 1322 3772 et

159 3814 421 3900 supplicantium
459 3812 545 3874 votis
578 3810 681 3894 digna
715 3808 905 3893 patrocinia
942 3828 1008 3870 non
1042 3807 1211 3872 deessent.
1256 3808 1321 3871 Per

164 3920 347 3986 Christum.

203 4022 294 4098 Infra
309 4021 455 4078 actionem.

220 4119 320 4183 Hanc
354 4133 487 4198 quoque
521 4112 726 4176 oblationem
763 4109 938 4173 servitutis
971 4110 1094 4172 nostra
1127 4110 1163 4169 et
1194 4109 1320 4170 cuncto

162 4221 298 4285 familiae
329 4224 405 4294 tuae,
431 4216 489 4280 sed
515 4221 550 4280 et
575 4214 693 4280 famuli
721 4213 771 4279 tui
795 4213 904 4287 illius,
932 4231 1031 4295 quam
1059 4207 1120 4273 tibi
1149 4207 1321 4272 offerimus

161 4325 327 4389 hodierna
349 4322 402 4385 die
426 4318 689 4384 consecrationis
713 4315 821 4379 sancti
842 4312 909 4378 loci
930 4313 1032 4397 hujus
1053 4308 1263 4375 celebrantes
1284 4309 1319 4374 in
