2940 4996
500 432 678 494 Dedicatio
699 429 898 493 Coeruetcrii.
1231 421 1272 482 91

108 638 287 723 propitius,
303 641 342 702 ut
364 638 509 701 omnium
532 659 672 722 quorum
693 636 746 698 bic
763 655 902 717 corpora
926 630 1142 715 sepeliuntur,
1159 628 1275 690 animae

109 743 274 807 absolutae
290 743 332 806 ab
349 742 438 814 omni
453 741 577 816 dolore,
594 741 666 804 sine
682 739 747 800 fine
763 737 927 800 laetentur.
973 736 1047 797 Per.

153 845 328 926 Epistola.
373 844 539 908 Nolumus
555 865 613 907 vos
631 843 796 926 ignorare.

161 948 327 1011 Grodotc.
372 947 543 1028 Requiem.

166 1052 204 1113 V.
249 1050 407 1114 Absolve.

162 1155 318 1216 Tractus.
363 1150 414 1215 De
430 1149 604 1234 profundis
621 1148 773 1213 clamavi.

157 1257 397 1340 Decapolitana.
443 1256 536 1320 Sicut
553 1257 654 1319 Pater
670 1257 815 1319 suscitat
829 1260 991 1317 mortuos.

161 1362 385 1443 offertorium.
430 1359 526 1444 Opie
543 1359 645 1422 Deus.

158 1465 343 1527 Secretum.
402 1463 556 1538 Munera,
592 1462 744 1537 Domine,
781 1462 896 1525 oblata
933 1457 1115 1532 sanctifica,
1151 1460 1185 1519 et
1222 1452 1279 1537 qui

113 1566 261 1650 teipsum
277 1567 311 1626 in
328 1564 480 1648 sepulcro
505 1565 583 1647 poni
601 1564 748 1639 voluisti,
765 1585 825 1647 per
846 1564 915 1627 haee
931 1583 1003 1637 nos,
1021 1578 1220 1644 quaesumus,
1237 1555 1280 1618 ad

116 1671 218 1732 finem
250 1669 325 1732 vitae
359 1673 579 1752 properantes
615 1689 635 1729 a
670 1676 883 1750 peccatorum
917 1673 1108 1728 nostrorum
1139 1658 1281 1723 maculis

117 1770 347 1834 emundemur.
392 1771 453 1853 Qui
470 1770 556 1832 vivis
572 1774 606 1832 et
620 1790 743 1853 regnas
759 1769 861 1831 Deus.

164 1875 375 1937 Benedictio.
421 1873 568 1956 Copiam,
581 1894 778 1956 quaesumus,
795 1871 947 1946 Domine,
961 1875 1026 1933 tuae
1042 1865 1283 1930 benedictionis

119 1976 245 2063 populo
272 1977 325 2040 hie
352 1976 497 2039 adunato
523 1976 655 2052 tribue;
680 1976 934 2059 temptationum
963 1974 1108 2036 omnium
1136 1969 1284 2054 pericula

121 2101 269 2156 remove,
286 2085 321 2143 et
335 2079 623 2163 perturbationum
639 2079 803 2164 procellas
827 2079 868 2142 ab
884 2099 923 2140 eo
938 2078 1118 2138 miseratus
1134 2073 1282 2136 exclude.

123 2187 244 2247 Amen.

166 2286 262 2348 Mala
288 2291 407 2348 cuncta
433 2305 519 2360 arce,
546 2285 634 2364 bona
657 2284 778 2359 tribue,
801 2282 903 2346 noxia
929 2280 1100 2355 subtrahe,
1122 2298 1284 2362 prospera

122 2389 278 2463 concede,
303 2394 341 2452 ut
366 2389 400 2449 in
424 2387 521 2450 laude
548 2387 664 2466 tuavin
690 2389 865 2470 praesentis
892 2387 952 2449 aevi
976 2386 1084 2448 stadio
1112 2392 1285 2448 currentes

124 2491 260 2578 placere
275 2491 337 2554 tibi
352 2490 498 2565 valeant,
514 2490 548 2551 in
564 2491 677 2553 futuro
693 2491 888 2574 gaudentes.
933 2492 1052 2551 Amen.

173 2594 237 2670 Sic,
266 2594 416 2668 Domine,
443 2614 640 2676 quaesumus,
664 2594 699 2655 in
727 2595 787 2656 hoc
813 2593 987 2676 poliandro
1016 2613 1075 2654 seu
1101 2593 1288 2654 coemeterio

125 2699 409 2782 requiescentium
425 2717 564 2780 corpora
576 2705 639 2758 tuae
656 2697 792 2760 virtutis
809 2697 924 2780 clypeo
941 2703 1089 2780 protege,
1103 2708 1138 2759 et
1152 2697 1289 2760 brachio

125 2812 193 2866 tuae
209 2801 413 2863 defensionis
436 2801 566 2875 robora,
584 2805 749 2882 quatenus
765 2802 798 2861 in
820 2802 1007 2864 novissimae
1023 2803 1109 2864 tubae
1130 2802 1287 2886 clangore

128 2928 150 2968 a
172 2906 303 2968 cunctis
326 2904 467 2966 nexibus
493 2914 705 2987 peccat-orum
728 2904 821 2966 exuti
845 2911 879 2966 et
906 2913 1036 2968 aeternae
1060 2908 1135 2968 vitae
1157 2905 1290 2988 gaudiis

129 3008 293 3083 restituti,
310 3012 490 3091 resurgant
505 3007 538 3068 in
555 3013 650 3090 parte
667 3008 806 3071 dextera
821 3009 1010 3071 coronandi.
1055 3014 1173 3072 Amen.

176 3111 272 3194 Quod
286 3110 357 3193 ipse
374 3120 532 3193 praestare
555 3111 721 3194 dignetur,
738 3112 794 3192 qui
818 3123 870 3173 est
887 3133 966 3174 vera
988 3114 1188 3175 resurrectio
1204 3135 1291 3176 mor-

130 3219 287 3288 tuorum3
310 3215 363 3276 cui
386 3222 439 3276 est
461 3234 535 3276 cum
562 3226 686 3276 aeterno
709 3215 809 3277 Patre
832 3216 1019 3298 Sancteque
1042 3216 1192 3280 Flamine
1216 3217 1291 3280 laus

132 3328 169 3382 et
184 3316 392 3401 perpetuitas
409 3317 442 3377 in
460 3316 579 3379 saecula
595 3317 800 3380 saeculorum.
845 3321 963 3382 Anien.

177 3421 374 3484 Benedictio
401 3418 464 3483 Dei
495 3420 743 3504 omnipotentis,
770 3423 922 3503 Paffltris
950 3426 984 3484 et
1013 3421 1131 3507 Piplii
1159 3428 1194 3484 et
1221 3421 1294 3507 Spi-

131 3510 267 3589 1·itus·l⁴
280 3523 393 3586 Sancti
408 3522 588 3585 descendat
603 3544 703 3606 super
719 3546 778 3588 vos
794 3534 828 3588 et
840 3533 976 3588 maneat
991 3546 1132 3608 semper.
1176 3527 1295 3590 Amen.

182 3629 389 3690 Commutato.
434 3625 508 3688 Lux
524 3637 657 3688 aeterna.

178 3731 463 3794 Postcommaaio.
510 3729 707 3792 Muneribus
731 3731 835 3794 sacris
863 3731 987 3807 satiati,
1010 3752 1208 3814 quaesumus,
1232 3728 1299 3796 Do-

134 3838 225 3902 mine
257 3837 349 3899 Deus
379 3840 504 3912 noster,
535 3844 574 3900 ut
602 3837 698 3921 plebs
729 3843 797 3913 tua,
828 3859 899 3920 quae
930 3840 964 3899 in
998 3838 1111 3901 futuro
1142 3860 1162 3901 a
1192 3851 1298 3903 morte

134 3941 287 4024 corporis
311 3944 542 4003 resurrectura
568 3941 724 4016 creditur,
750 3948 785 4004 te
811 3945 1004 4017 miserante,
1033 3942 1067 4004 iu
1097 3942 1199 4026 hujus
1226 3945 1301 4009 vitae

134 4066 239 4110 cursu
254 4066 275 4108 a
289 4048 398 4106 morte
414 4044 530 4106 auimae
546 4064 720 4129 resurgere
737 4052 914 4108 mereatur.
960 4046 1025 4108 Per
1039 4045 1227 4113 Dominum.
