2932 5002
205 455 269 517 106
465 452 683 517 Conseeretio
699 451 826 515 citeris
843 452 914 515 eine
930 450 1099 515 Ecclesia.

244 661 284 718 Et
298 660 354 718 clii
367 659 552 737 respondeant
564 677 614 734 pec
627 657 699 716 vices
711 657 848 733 einpnlas.

247 754 398 830 Domine,
414 753 457 817 ad
473 751 698 835 adjuvandum
713 772 767 814 me
782 751 917 816 festina.

208 879 281 921 cnm
297 855 412 920 Gloria
428 855 520 919 Patri
535 856 608 918 cine
624 852 771 917 alleluia.

245 957 358 1016 Deinde
365 957 422 1032 fici
436 977 512 1033 aqna
526 956 668 1014 benedictn
681 957 782 1031 niujoe,
798 963 824 1014 et
837 955 923 1013 etiam
938 975 1014 1033 aqna
1027 955 1164 1014 cannata
1176 954 1227 1013 hoc
1240 952 1348 1012 ordine.

249 1055 473 1116 Enoreismns
488 1050 586 1115 celia.

249 1154 410 1219 Exoroizo
432 1158 477 1230 te,
494 1157 649 1217 creatura
673 1151 766 1228 salis,
780 1153 815 1215 in
837 1151 970 1215 nomine
993 1150 1130 1216 Domini
1152 1149 1264 1215 nostri
1285 1148 1369 1214 Jesu

211 1257 348 1333 Christi,
376 1256 432 1340 qui
459 1254 621 1341 apostolis
648 1255 718 1319 suis
744 1255 803 1331 ait,
830 1254 903 1318 Vos
929 1254 1012 1319 estis
1039 1254 1090 1318 sal
1116 1259 1225 1330 terra,
1252 1255 1289 1316 et
1310 1270 1370 1336 per

209 1359 399 1445 apostolum
422 1359 513 1435 dicit,
536 1358 587 1422 Sit
609 1379 666 1421 cor
688 1363 838 1421 vestrum
862 1356 933 1420 sale
954 1357 1134 1433 conditum,
1156 1361 1197 1421 ut
1223 1348 1371 1428 sanctifi<

207 1463 317 1528 ficeris
339 1461 382 1526 ad
405 1460 690 1525 consecrationem
711 1461 813 1543 hujus
835 1458 963 1536 altaris,
988 1459 1030 1523 ad
1053 1458 1271 1544 expellendas
1295 1455 1370 1520 inde

138 1596 142 1601 ·
210 1585 326 1628 omnes
335 1563 519 1626 daemonum
529 1561 779 1646 temptationes,
789 1566 824 1625 et
836 1561 989 1625 omnibus
1000 1561 1058 1645 qui
1068 1583 1108 1625 ex
1120 1566 1154 1625 te
1167 1559 1372 1644 sumpserint

212 1668 259 1731 sis
282 1666 398 1730 animae
414 1670 449 1729 et
471 1665 618 1748 corporis
641 1668 865 1728 tutamentum
888 1669 923 1728 et
946 1665 1074 1729 sanitas
1097 1669 1132 1728 et
1154 1663 1316 1749 perfectio
1337 1668 1373 1727 et

212 1768 419 1833 confirmatio
435 1766 566 1843 salutis,
581 1788 641 1851 per
656 1789 732 1831 eum
748 1768 804 1852 qui
820 1773 982 1833 venturus
997 1773 1050 1833 est
1060 1767 1214 1852 judicare
1228 1768 1325 1833 vivos
1339 1773 1374 1832 et

213 1877 364 1937 mortuos
380 1876 415 1934 et
431 1869 585 1934 saeculum
602 1870 797 1955 perignem.
844 1871 963 1934 Amen.

256 1975 458 2039 Benedictio
473 1974 572 2037 sniis,

258 2077 409 2140 Oremus.

271 2177 412 2243 Domine
443 2174 545 2253 Deus,
577 2181 674 2262 pater
702 2176 923 2261 omnipotens,
954 2177 1142 2264 beucffldic,
1172 2198 1373 2262 quesumus,

214 2282 301 2344 hauc
316 2284 504 2344 ereaturam
521 2279 602 2343 salis
618 2277 660 2342 ad
676 2278 890 2362 effugandum
912 2279 1092 2351 inimicum,
1109 2284 1144 2344 et
1159 2279 1191 2343 ei
1207 2279 1374 2345 salubrem

215 2387 411 2450 medicinam
433 2387 586 2462 immitte,
609 2390 647 2448 ut
672 2384 715 2448 ad
741 2385 857 2448 animae
884 2389 919 2449 et
941 2385 1090 2469 corporis
1113 2405 1148 2450 se
1172 2386 1374 2451 sumentium

216 2489 368 2574 proficiat
385 2488 574 2563 sanitatem,
591 2508 651 2570 per
666 2485 844 2550 Dominum
860 2494 1022 2551 nostrum.

258 2590 483 2653 Enorcismne
498 2608 608 2669 aqnae.

260 2692 422 2755 Exorcizo
438 2696 483 2766 te,
499 2695 654 2755 ereatura
669 2712 772 2774 aquae,
788 2690 823 2753 in
837 2691 969 2755 nomine
984 2691 1048 2755 Dei
1070 2690 1183 2756 Patris
1199 2696 1234 2756 et
1249 2690 1330 2755 Filii
1344 2695 1377 2754 et

218 2794 363 2877 Spiritus
387 2792 511 2868 Sancti,
527 2797 566 2856 ut
586 2792 732 2876 repellas
749 2792 918 2856 diabolum
942 2814 962 2858 a
984 2793 1127 2857 termino
1138 2794 1321 2877 justorum,
1335 2814 1376 2859 ne

219 2895 313 2961 sitin
336 2895 529 2960 umbraculo
552 2895 653 2977 hujus
676 2894 816 2970 altaris3
840 2902 875 2959 et
896 2901 944 2971 tu,
960 2895 1101 2959 Domine
1124 2895 1206 2959 Jesu
1231 2895 1376 2973 Christe,

219 2999 356 3063 infunde
374 2999 535 3083 Spiritum
559 2999 716 3062 Sanctum
732 3003 826 3063 tuum
842 2998 876 3060 in
900 2999 963 3062 hoc
978 2998 1085 3062 altare
1107 3003 1146 3063 ut
1161 2999 1317 3082 proficiat
1337 3000 1378 3065 ad

219 3101 363 3167 salutem
378 3124 551 3187 corporum
567 3108 602 3167 et
613 3103 797 3165 animarum
813 3106 847 3166 te
863 3102 1081 3179 adorantium,
1094 3111 1133 3167 ut
1147 3104 1381 3187 magnificetur

220 3228 338 3270 nomen
355 3212 449 3272 tuum
464 3207 499 3269 in
514 3207 671 3291 gentibus
687 3210 722 3270 et
736 3204 900 3269 increduli
922 3207 1019 3269 corde
1035 3214 1275 3272 convertantur
1289 3209 1333 3275 ad
1347 3215 1381 3273 to

220 3315 254 3374 et
276 3331 342 3374 non
365 3310 511 3373 habeant
529 3308 632 3373 alium
654 3309 762 3373 Deum
785 3314 906 3392 praeter
926 3314 972 3385 te,
987 3309 1165 3374 Dominum
1188 3311 1308 3391 solum,
1323 3313 1380 3397 qni

220 3418 382 3477 venturus
398 3433 435 3476 es
449 3411 598 3495 judicare
615 3411 708 3475 vivos
732 3417 766 3476 et
781 3417 930 3511 mortuos
953 3419 989 3476 et
1004 3412 1160 3477 saeculum
1183 3435 1246 3498 por
1259 3416 1381 3502 ignem.

221 3519 338 3579 Amen.

264 3619 465 3682 Benedictio
481 3637 591 3698 aquea.

266 3721 418 3785 Oremus.

263 3822 405 3885 Domine
428 3820 531 3896 Deus,
548 3824 645 3904 pater
668 3821 887 3903 omnipotens,
911 3826 1045 3887 creator
1067 3824 1215 3889 omnium
1239 3825 1385 3893 elemen-

223 3929 344 3999 torum,
376 3923 433 4006 qui
467 3943 528 4007 per
560 3923 677 3986 Jesum
711 3921 883 3986 Christum
917 3923 1040 3988 Filium
1073 3930 1169 3989 tuum
1202 3926 1384 3999 Dominum

221 4032 374 4089 nostrum
390 4025 451 4088 hoc
468 4023 668 4087 elementum
685 4045 778 4108 aquae
794 4025 827 4088 in
846 4024 989 4089 salutem
1005 4027 1144 4091 humaui
1158 4031 1296 4114 generis
1311 4052 1386 4097 esse

221 4127 377 4202 voluisti3
405 4132 438 4190 te
467 4126 633 4210 supplices
660 4127 885 4211 deprecamur,
914 4132 952 4192 ut
979 4131 1148 4196 exauditis
1175 4134 1387 4200 orationibus

224 4230 348 4294 nostris
361 4250 434 4293 eam
450 4234 513 4293 tuae
526 4229 662 4313 pietatis
673 4236 830 4314 respectu
846 4232 1046 4309 sanctifices,
1058 4239 1158 4318 atque
1174 4235 1226 4301 ita
1240 4238 1388 4303 omnium
