2940 4996
453 421 713 484 Benedictiooes
729 419 965 501 Episcopoles.
1029 462 1032 467 >
1224 421 1286 483 183

132 645 349 705 perseverare
366 627 533 703 concedat,
550 631 589 689 ut
610 625 755 690 coelestis
771 625 866 709 regni
889 623 1037 687 haeredes
1054 625 1116 688 sibi
1133 629 1287 709 acceptos

134 726 266 791 efficiat.
312 729 429 792 Amen.

175 829 219 894 Et
243 852 342 914 quem
369 853 480 897 coram
509 832 661 896 omnibus
689 831 881 894 viventibus
903 828 1048 894 fideliter
1067 829 1289 906 confitemini,

135 952 209 995 cum
225 954 264 996 eo
280 934 314 997 in
330 934 391 998 illa
406 939 531 1000 osterna
546 933 659 1019 patria
675 933 747 997 sine
763 933 829 996 fine
844 931 1014 997 letemini.
1059 932 1178 998 Amen.

178 1034 270 1118 Quod
286 1036 369 1121 ipse.

175 1221 345 1282 Benedictio
356 1245 411 1302 pro
424 1224 573 1300 destinetis.

177 1405 302 1468 Aurem
319 1426 414 1470 suam
430 1407 586 1492 precibus
602 1406 728 1471 vestris
747 1407 897 1470 vivorum
912 1405 1010 1469 simul
1028 1428 1066 1471 ac
1082 1410 1287 1470 mortuorum

134 1505 324 1572 dominator
338 1508 430 1574 Deus
453 1509 657 1595 propitiatus
680 1510 919 1584 accommodet,
936 1515 971 1573 et
993 1531 1077 1594 quas
1099 1510 1219 1573 devote
1240 1509 1290 1571 illi

134 1627 192 1692 pro
208 1609 365 1675 defuncto
381 1611 507 1676 famulo
520 1632 580 1675 suo
596 1610 641 1675 N.
658 1632 775 1696 preces
791 1612 973 1688 effunditis,
987 1613 1051 1677 sibi
1067 1611 1289 1696 acceptabiles

136 1709 290 1793 placatus
306 1715 438 1778 efficiat.
483 1716 602 1778 Amen.

180 1813 286 1878 Vobis
308 1818 466 1881 universa
490 1823 670 1899 antequam
694 1816 734 1879 dc
752 1816 872 1880 saeculo
893 1817 1048 1901 migretis
1065 1817 1177 1881 debita
1192 1817 1291 1881 mise-

134 1921 230 1979 ratus
265 1917 449 2004 indulgeat,
481 1919 626 1983 animam
655 1919 773 1981 famuli
809 1919 861 1981 sui
892 1919 963 2002 jam
997 1921 1098 1983 rebus
1132 1921 1288 1983 humanis

134 2025 325 2101 exemptum
363 2021 404 2083 de
438 2021 660 2084 infernalibus
694 2021 829 2084 Tartari
868 2021 1073 2085 cruciatibus
1108 2020 1291 2086 clementer

135 2120 268 2204 eripiat,
285 2129 319 2187 ct
342 2144 476 2188 suorum
500 2123 670 2188 consortio
695 2128 886 2187 sanctorum
901 2124 936 2185 in
953 2122 1044 2186 coelis
1066 2123 1289 2187 coronandum

137 2225 274 2311 adjungi
291 2228 473 2313 praecipiat.
519 2231 637 2292 Amen.

179 2329 448 2414 Indignationem
474 2352 567 2394 suam
590 2352 611 2393 a
632 2331 729 2393 vobis
752 2329 868 2413 procul
891 2334 1056 2404 amoveat,
1079 2328 1290 2392 clementiam

137 2450 229 2494 suam
245 2432 340 2495 vobis
355 2433 559 2497 ineffabilem
583 2432 752 2507 exhibeat,
768 2436 807 2494 ut
823 2436 857 2494 et
877 2431 969 2515 digni
986 2431 1074 2514 apud
1097 2451 1171 2493 cum
1188 2431 1291 2494 inter-

137 2554 289 2598 cessores
319 2536 549 2611 inveniamini,
580 2540 614 2598 ct
647 2536 680 2597 in
713 2535 803 2598 omni
833 2534 996 2618 petitione
1030 2539 1148 2598 vestra
1178 2535 1219 2598 ab
1251 2555 1289 2597 eo

136 2636 279 2700 libenter
294 2639 446 2701 exaudiri
462 2637 667 2701 mereamini.
714 2639 832 2701 Amen.

178 2741 272 2824 Quod
288 2741 370 2825 ipse.

173 2911 338 2972 Benedictio
352 2913 385 2970 ile
401 2912 522 2990 Corpore
538 2912 656 2972 Christi.

178 3094 361 3159 Benedicat
375 3114 436 3158 vos
451 3092 555 3171 Deus,
572 3096 629 3178 qui
645 3116 706 3180 per
721 3094 899 3179 Unigeniti
917 3094 969 3157 sui
985 3096 1176 3178 passionem
1193 3101 1291 3160 vetus

136 3197 259 3279 pascha
281 3197 316 3259 in
339 3218 462 3260 novum
484 3196 594 3261 voluit
616 3198 779 3272 converti,
803 3197 1029 3279 concedatque
1053 3197 1159 3272 vobis,
1177 3203 1216 3261 ut
1239 3220 1294 3260 ex-

134 3304 277 3383 purgato
315 3299 441 3363 veteris
484 3298 641 3364 fermenti
678 3300 846 3386 contagio,
884 3299 919 3361 in
963 3299 1058 3362 vobis
1096 3297 1293 3383 perseveret

136 3403 338 3486 conspersio.
384 3404 503 3465 Amen.

178 3504 223 3568 Et
238 3505 295 3588 qui
310 3505 352 3567 ad
368 3503 600 3567 celebrandam
618 3505 769 3589 corporis
792 3502 919 3568 Christi
934 3502 1170 3587 Redemptoris
1186 3506 1293 3568 nostri

136 3607 421 3672 consecrationem
444 3607 606 3670 hodierna
622 3609 674 3670 die
695 3612 807 3671 mente
828 3606 950 3669 devota
973 3606 1188 3682 convenistis,
1205 3627 1291 3690 pane

135 3717 282 3796 potuque
298 3709 426 3773 coelesti
441 3709 569 3785 refecti,
584 3730 740 3792 supremo
752 3708 858 3794 judici
871 3729 945 3772 cum
957 3707 1079 3792 gaudio
1095 3710 1291 3792 praesentari

136 3813 285 3898 possitis.
330 3814 449 3876 Amen.

179 3916 292 4000 Ipsius
314 3935 444 3998 quoque
468 3913 656 3997 opitulante
680 3912 870 3987 clementia,
886 3909 1091 3973 mundemini
1114 3933 1135 3975 a
1150 3911 1292 3976 maculis

136 4024 358 4102 peccatorum,
374 4017 430 4101 qui
446 4016 480 4079 in
496 4015 649 4080 Ecclesia
665 4015 840 4080 Catholica
863 4034 996 4077 carnem
1013 4034 1108 4078 suam
1129 4015 1163 4077 in
1180 4015 1288 4079 cibum

138 4128 170 4186 et
193 4122 390 4206 sanguinem
419 4141 515 4183 suum
542 4121 575 4181 in
603 4128 716 4204 potum
746 4120 859 4183 offerri
883 4117 1057 4182 constituit
1085 4119 1119 4181 in
1147 4120 1290 4183 salutem

137 4225 281 4288 fidelium
298 4223 576 4287 Christianorum.
622 4225 739 4285 Amen.

180 4327 272 4412 Quod
288 4329 371 4408 ipse.
