2940 4996
217 378 258 445 27
262 382 282 441 6
614 377 834 442 Consecratio
851 376 967 460 Rapis.

218 589 253 649 et
262 584 383 649 liberet
394 588 429 647 te
443 584 485 646 ab
497 582 761 647 adversitatibus
774 581 913 658 cunctis,
926 585 962 644 et
973 581 1016 645 ab
1032 578 1188 644 omnibus
1201 577 1384 643 visibilium

221 692 255 752 et
270 686 491 751 invisibilium
505 686 716 749 inimicorum
733 685 877 749 insidiis.
921 686 1044 748 Amen.

263 789 413 875 Angelos
437 809 516 852 suos
538 788 644 852 bonos
672 808 805 873 semper
830 795 865 852 et
891 787 1015 871 ubique
1037 786 1095 871 qui
1122 791 1156 850 te
1183 785 1385 870 praecedant,

219 893 432 968 comitentur,
460 897 496 956 et
521 892 777 974 subsequantur,
804 890 846 955 ad
872 891 1058 955 custodiam
1084 889 1136 954 tui
1163 895 1281 973 ponat,
1307 893 1343 952 et
1366 909 1386 951 a

219 1001 356 1081 peccato
372 1015 433 1059 seu
448 994 573 1078 gladio,
588 1001 624 1059 et
644 995 688 1059 ab
703 993 851 1059 omnium
866 993 1091 1079 periculorum
1112 991 1308 1056 discrimine
1324 1011 1385 1054 sua

223 1105 255 1164 te
271 1098 426 1181 potentia
440 1096 574 1161 liberet.
618 1099 742 1162 Amen.

264 1200 422 1264 Inimicus
437 1206 514 1264 tuos
530 1199 573 1262 ad
595 1199 687 1284 pacis
703 1198 923 1283 caritatisque
938 1197 1182 1284 benignitatem
1199 1200 1385 1271 convertat,

222 1309 257 1368 et
271 1303 369 1368 bonis
386 1303 539 1367 omnibus
554 1309 588 1366 te
603 1303 792 1388 gratiosum
813 1307 849 1367 et
863 1301 1041 1367 amabilem
1064 1300 1178 1376 faciat,
1194 1300 1386 1385 pertinaces

223 1427 354 1491 quoque
370 1406 471 1470 intui
487 1406 710 1470 insectatione
734 1412 769 1470 et
784 1405 859 1469 odio
880 1405 1076 1470 confusione
1100 1403 1245 1468 salutari
1259 1403 1388 1478 induat,

223 1516 374 1595 superte
391 1514 504 1574 autem
521 1509 743 1573 sanctificatio
761 1510 966 1594 sempiterna
979 1509 1108 1572 floreat.
1152 1511 1278 1572 Amen.

265 1613 494 1677 Victoriosum
511 1621 546 1676 te
562 1616 662 1696 atque
684 1612 965 1696 triumphatorem
988 1613 1029 1676 de
1044 1611 1272 1676 invisibilibus
1288 1614 1389 1695 atque

222 1715 411 1779 visibilibus
441 1715 597 1779 hostibus
628 1735 760 1798 semper
789 1715 922 1790 efficiat,
954 1721 990 1779 et
1019 1715 1128 1778 sancti
1156 1713 1305 1778 nominis
1336 1714 1386 1777 sui

221 1819 374 1882 timorem
391 1818 519 1901 pariter
535 1824 570 1884 et
592 1840 739 1883 amorem
761 1819 955 1883 continuum
978 1818 1071 1882 cordi
1086 1823 1144 1883 tuo
1167 1817 1336 1894 infundat,
1351 1823 1385 1882 et

220 1922 256 1985 in
271 1921 335 1984 tide
350 1928 445 1986 recta
460 1943 499 1986 ac
513 1924 612 1986 bonis
628 1923 785 2008 operibus
808 1921 1088 2006 perseverabilem
1104 1921 1236 1998 reddat,
1251 1926 1288 1985 et
1303 1942 1383 2006 pace

223 2025 258 2088 iu
274 2025 392 2089 diebus
408 2025 479 2089 tuis
494 2046 666 2102 concessa,
682 2047 756 2089 cum
781 2027 895 2110 palma
910 2025 1058 2090 victoria
1073 2029 1109 2089 te
1132 2025 1175 2089 ad
1191 2031 1390 2109 perpetuum

225 2150 365 2213 regnum
381 2129 555 2214 perducat.
600 2134 722 2193 Amen.

266 2231 313 2296 Et
328 2232 385 2315 qui
400 2237 435 2296 te
450 2231 560 2296 voluit
575 2251 677 2316 super
691 2230 851 2317 populum
868 2252 966 2295 suum
983 2252 1098 2318 regem
1119 2231 1342 2308 constituere,
1358 2237 1390 2296 et

221 2333 256 2396 in
280 2335 435 2418 praesenti
459 2333 580 2399 sacculo
596 2335 739 2411 felicem,
756 2337 791 2398 et
814 2339 946 2400 eternae
960 2333 1146 2404 ¹felicitatis
1162 2335 1295 2400 tribuat
1318 2355 1388 2400 esse

225 2444 424 2502 consortem.
471 2442 592 2502 Amen.

268 2540 360 2626 Quod
375 2541 448 2625 ipse
463 2545 635 2625 praestare.

262 2644 346 2701 Alia.

267 2739 422 2816 Benedic‚
446 2739 600 2815 Domine,
626 2739 715 2802 hunc
740 2738 953 2822 praeelectum
980 2738 1174 2822 principem,
1196 2738 1255 2822 qui
1281 2758 1385 2824 regua

225 2841 371 2904 omnium
387 2862 504 2927 regum
521 2863 542 2905 a
557 2841 676 2905 saeculo
692 2841 887 2905 moderaris.
932 2845 1054 2905 Amen.

283 2945 329 3010 Et
358 2945 421 3010 tali
451 2967 526 3008 eum
561 2945 793 3010 benedictione
822 2945 986 3030 glorifica,
1015 2949 1054 3010 ut
1082 2944 1239 3010 Davitica
1268 2951 1381 3010 teneat

226 3049 431 3113 sublimitate
455 3053 623 3131 sceptrum
641 3047 772 3123 salutis,
787 3053 822 3112 et
845 3049 1022 3113 sanctificae
1042 3047 1294 3132 propitiationis
1314 3069 1382 3112 mu·

225 3174 305 3217 nere
321 3153 510 3236 reperiatur
526 3149 763 3235 locupletatus.
808 3152 931 3214 Amen.

265 3257 370 3322 Daci
395 3277 415 3320 a
437 3261 496 3320 tuo
520 3255 700 3339 spiramine
723 3275 842 3340 regere
865 3252 1036 3338 populum,
1059 3253 1147 3318 sicut
1172 3254 1381 3319 Salomonem

224 3359 334 3425 fecisti
350 3379 488 3442 regnum
504 3358 654 3422 obtinere
670 3357 855 3440 pacificum.
900 3359 1022 3421 Amen.

267 3462 360 3547 Quod
374 3462 445 3544 ipse
461 3466 624 3545 prestare.

263 3564 434 3640 Desipuatc'o
447 3571 536 3620 status
550 3564 634 3638 ray-is.

283 3662 344 3725 Sta
373 3665 409 3724 et
437 3659 545 3722 retine
573 3657 692 3722 amodo
720 3662 859 3732 statum,
886 3676 984 3740 quem
1011 3658 1076 3722 huc
1101 3678 1208 3743 usque
1242 3663 1382 3744 paterna

227 3763 445 3850 suggestione
475 3761 628 3836 tenuisti,
659 3761 870 3824 hereditario
900 3761 977 3844 jure
1010 3761 1072 3826 tibi
1102 3761 1297 3846 delegatum
1326 3782 1384 3847 per

226 3867 461 3931 auctoritatem
476 3863 539 3928 Dei
560 3863 809 3947 omnipotentis,
826 3869 861 3927 et
874 3883 935 3948 per
957 3869 1156 3948 praesentem
1169 3865 1384 3930 traditionem

224 3977 385 4045 nostram,
416 3967 562 4032 omnium
600 3966 730 4032 scilicet
767 3968 998 4052 episcoporum
1031 3970 1286 4052 ceterorumque
1322 3968 1384 4033 Dei

225 4092 417 4148 servorum3
441 4074 477 4134 et
503 4075 628 4153 quanto
651 4069 776 4133 clerum
801 4070 906 4133 sacris
929 4069 1094 4135 altaribus
1113 4071 1383 4156 propinquiorem

225 4175 498 4261 prospicis‚tanto
509 4173 540 4235 ei
550 4174 712 4257 potiorem
722 4174 756 4236 in
767 4172 851 4237 locis
861 4173 1018 4258 congruis
1027 4174 1186 4238 honorem
1195 4174 1383 4260 impendere

227 4277 435 4352 meminerim
459 4280 625 4360 quatenus
639 4275 803 4340 mediator
814 4274 876 4338 Dei
892 4281 926 4341 et
938 4275 1108 4340 homiuum
1124 4283 1158 4341 te
1171 4278 1383 4342 mediatorem
