2940 4996
374 407 638 472 Benedictioaca
655 411 691 471 ic
711 409 932 487 Quotidiauis
947 408 1086 472 Diebus.
1199 415 1219 472 .·
1244 404 1308 468 355

198 577 338 662 Talique
361 580 555 646 inventione
583 583 708 667 repleri
732 582 886 658 valeatis,
909 603 976 664 qua
999 581 1029 644 ei
1052 581 1085 642 in
1109 584 1306 663 perpetuum

154 680 327 764 placeatis.
374 687 492 748 Amen.

200 787 391 872 Quodipse.
436 793 555 854 Amen.

200 892 407 956 Benedictio.
452 897 569 957 Amen.

198 1046 273 1103 Item
287 1049 359 1104 ulia,

199 1142 420 1207 Devotionem
443 1153 591 1210 vestram
615 1145 777 1208 Dominus
802 1147 980 1230 dignanter
1004 1143 1166 1218 intendat,
1184 1148 1218 1205 et
1242 1163 1307 1204 suae

154 1248 249 1310 vobis
266 1248 508 1312 benedictionis
524 1249 612 1313 dona
628 1250 799 1313 concedat.
843 1252 960 1312 Amen.

200 1351 341 1435 Talique
355 1373 414 1414 vos
431 1353 464 1413 in
477 1353 632 1436 praesenti
650 1353 770 1416 saeculo
788 1352 937 1415 subsidio
953 1351 1092 1427 muniat,
1106 1357 1144 1413 ut
1160 1349 1308 1433 paradisi

156 1476 214 1518 vos
230 1456 263 1519 in
279 1457 394 1521 futuro
410 1457 622 1521 habitatores
640 1458 771 1521 efficiat.
817 1460 933 1520 Amen.

202 1560 321 1643 Sicque
339 1562 438 1626 corda
455 1568 568 1625 vestra
584 1563 820 1626 sanctificando
836 1561 1022 1637 benedicat,
1035 1565 1070 1624 et
1084 1559 1309 1623 benedicendo

157 1667 352 1741 sanctificet,
370 1674 408 1729 ut
427 1668 607 1741 vobiscum,
625 1668 724 1729 immo
740 1668 774 1728 in
792 1667 896 1741 vobis,
914 1686 989 1727 eum
1009 1665 1139 1749 jugiter
1154 1662 1308 1726 habitare

159 1769 312 1834 delectet.
359 1773 476 1834 Amen.

202 1872 295 1955 Quod
312 1875 395 1959 ipse.
441 1877 558 1938 Amen.

203 1978 406 2041 Benedictio.
453 1982 569 2042 Amen.

200 2116 276 2174 Item
291 2119 361 2175 ulcu.

204 2212 270 2278 De't
286 2215 380 2277 vobis
404 2235 525 2276 munus
547 2234 613 2276 suae
635 2212 889 2285 benedictionis,
907 2215 941 2274 et
960 2209 1092 2293 repleat
1114 2230 1174 2273 vos
1189 2207 1311 2292 spiritu

163 2318 315 2381 veritatis
333 2322 367 2381 et
383 2318 486 2400 pacis.
531 2319 647 2380 Amen.

203 2422 374 2505 Quatenus
407 2422 454 2485 sic
479 2443 538 2505 per
570 2421 657 2485 viam
691 2419 812 2483 salutis
843 2424 917 2483 tota
947 2422 1058 2480 mente
1089 2417 1244 2492 curratis,
1273 2424 1311 2481 ut

163 2525 416 2608 subripientium
433 2524 629 2588 delictorum
646 2523 783 2606 laqueos
795 2522 976 2586 salubriter
987 2521 1150 2584 evadatis.
1193 2523 1310 2584 Amen.

201 2629 320 2712 Sicque
337 2629 525 2693 efficiamini
542 2629 575 2691 in
593 2629 665 2711 ejus
683 2627 928 2710 supplicatione
950 2625 1072 2700 devoti,
1090 2625 1175 2688 etin
1191 2631 1309 2688 mutua

160 2731 336 2795 dilectione
363 2734 494 2807 sinceri,
517 2738 556 2796 ut
580 2732 622 2795 ad
647 2731 780 2795 coeleste
803 2751 944 2814 regnum
970 2729 1145 2813 pervenire
1171 2727 1309 2814 possitis

165 2838 282 2900 securi.
328 2840 445 2900 Amen.

206 2941 397 3025 Quodipse.
443 2943 567 3003 Amen

208 3046 410 3109 Benedictio.
457 3047 573 3107 Amen.

206 3201 288 3256 Alia.

209 3294 377 3359 concedat
393 3296 487 3358 vobis
504 3294 713 3378 omnipotens
729 3292 820 3355 Deus
836 3312 956 3354 munus
982 3312 1048 3354 suae
1064 3290 1311 3366 benedictionis,

166 3399 221 3481 qui
237 3404 356 3460 vestrae
373 3402 425 3459 est
441 3397 595 3461 conscius
610 3395 825 3471 infirmitatis.
871 3395 988 3458 Amen.

207 3503 252 3565 Et
274 3503 330 3584 qui
354 3503 448 3565 vobis
472 3502 591 3565 tribuit
619 3500 829 3584 supplicandi
855 3500 1023 3574 affectum,
1046 3498 1175 3562 tribuat
1198 3518 1311 3561 conso·

166 3607 302 3670 lationis
318 3606 493 3669 auxilium.

208 3710 255 3773 Ut
278 3711 319 3773 ab
344 3732 382 3772 eo
406 3719 440 3772 et
462 3709 635 3793 praesentis
657 3715 691 3771 et
712 3709 831 3770 luturae
855 3707 930 3770 vitae
952 3704 1136 3769 subsidium
1160 3704 1310 3788 capiatis,

166 3816 259 3899 cujus
276 3836 334 3877 vos
351 3815 501 3878 bonitate
519 3817 649 3876 creatos
666 3833 739 3875 esse
756 3811 902 3875 creditis.
948 3812 1066 3872 Amen.

210 3919 402 4002 Quodipse.
448 3921 564 3980 Amen.

211 4022 412 4086 Benedictio.
459 4024 575 4083 Amen.

208 4160 293 4215 Aba

212 4256 426 4339 Omnipotens
443 4253 534 4318 Deus
551 4254 678 4318 coelesti
695 4274 754 4316 vos
771 4250 979 4335 protectione
997 4248 1187 4323 circumdet,
1200 4254 1234 4313 et
1250 4270 1315 4312 suae

168 4359 407 4424 benedictionis
425 4359 508 4421 dono
524 4357 717 4442 locupletet.
763 4357 880 4418 Amen.

260 4463 324 4526 44*
