2940 4996
191 394 252 456 182
508 394 767 458 Benedictioneo
783 390 1022 473 Episcopoles.

227 598 393 658 Benedictio
407 598 440 657 de
453 620 551 676 sponso
566 608 590 658 et
603 618 714 676 sponso.

229 814 447 898 Omnipotens
474 813 576 891 Deus,
595 813 652 898 qui
679 813 804 897 primos
830 817 989 898 parentes
1013 817 1149 878 nostros
1173 813 1281 876 Adam
1310 820 1344 874 et

187 918 293 984 Evam
316 938 377 982 sua
398 918 524 981 virtute
548 917 685 992 creavit,
708 938 833 1001 suaque
856 918 1085 982 benedictione
1109 917 1342 990 sanctificavit,

187 1028 222 1087 et
247 1022 282 1112 in
310 1041 371 1084 sua
394 1022 555 1084 societate
578 1020 759 1104 copulavit,
783 1021 854 1104 ipse
881 1021 980 1086 corda
1005 1026 1041 1085 et
1063 1040 1203 1103 corpora
1229 1025 1343 1082 vestra

188 1126 374 1192 sanctificet
396 1130 430 1189 et
453 1125 636 1201 benedicat,
652 1128 754 1208 atque
777 1124 811 1188 in
829 1125 1024 1202 societatem
1044 1144 1131 1188 verae
1153 1124 1344 1188 dilectionis

189 1232 380 1313 conjungat.
426 1230 543 1291 Amen.

232 1332 359 1415 Quique
376 1330 417 1394 ad
437 1328 672 1414 praeparandas
688 1328 799 1394 Tobiae
815 1332 850 1392 et
874 1328 962 1394 Sarae
976 1329 1112 1414 nuptias
1134 1328 1342 1412 Raphaelem

186 1433 341 1518 angelum
357 1431 460 1506 misit,
473 1432 543 1514 ipse
557 1452 578 1494 a
593 1431 746 1514 supernis
759 1430 894 1495 sedibus
906 1430 1062 1516 angelum
1076 1451 1171 1494 suum
1189 1436 1343 1494 sanctum

188 1538 313 1611 mittat,
341 1535 397 1619 qui
428 1555 487 1597 vos
518 1534 551 1594 in
584 1554 643 1596 suo
673 1537 790 1597 sancto
820 1535 957 1598 servitio
984 1532 1160 1609 confortet,
1186 1534 1342 1617 viamque

183 1645 322 1728 justitiae
338 1643 504 1717 ostendat,
517 1647 551 1706 et
566 1645 726 1726 perpetuo
743 1643 784 1705 ab
801 1641 889 1704 omni
906 1641 994 1705 malo
1009 1641 1177 1705 defendat.
1222 1642 1342 1704 Amen.

230 1748 275 1810 Et
290 1748 347 1830 qui
364 1745 582 1828 Unigenitum
600 1743 723 1806 Filium
740 1764 836 1806 suum
851 1742 1032 1806 Dominum
1055 1749 1209 1808 nostrum
1224 1745 1246 1808 J
1248 1764 1343 1807 esum

187 1850 361 1914 Christum
384 1847 628 1928 redemptorem
656 1844 771 1907 mundi
799 1844 907 1908 voluit
933 1845 974 1910 de
1001 1845 1131 1929 virgine
1157 1846 1263 1921 nasci,
1287 1845 1345 1928 qui

188 1974 249 2016 sua
271 1949 450 2035 praesentia
474 1969 599 2031 suoque
621 1947 784 2011 miraculo
807 1948 941 2032 nuptias
968 1948 1185 2024 consecravit,
1210 1947 1344 2032 quando

188 2075 308 2138 aquam
337 2053 372 2114 in
403 2052 515 2114 vinum
546 2049 722 2125 convertit,
753 2049 825 2132 ipse
856 2049 983 2133 nuptiis
1012 2050 1136 2114 vestris
1166 2051 1346 2128 interesse,

190 2177 315 2239 vosque
331 2155 490 2238 dignetur
505 2151 701 2216 benedicere
718 2156 752 2215 et
769 2153 989 2216 sanctificare.
1035 2153 1152 2215 Amen.

232 2259 424 2345 Quodipse.

231 2483 276 2542 De
294 2482 417 2541 Litoao'o
432 2480 555 2555 Majorc'.

233 2701 449 2782 Omnipotens
465 2696 556 2760 Deus
577 2696 788 2761 devotionem
811 2701 959 2762 vestram
980 2699 1160 2784 dignanter
1180 2698 1346 2777 intendat,

189 2814 222 2870 et
239 2827 304 2868 suae
320 2801 414 2866 vobis
429 2800 670 2864 benedictionis
686 2801 773 2865 dona
788 2801 958 2865 concedat.
1004 2804 1121 2866 Amen.

234 2904 413 2987 Indulgeat
428 2902 523 2965 vobis
535 2900 623 2964 mala
640 2903 750 2966 omnia
762 2923 833 2985 quae
845 2903 1010 2986 gessistis,
1023 2908 1058 2968 et
1073 2903 1203 2968 tribuat
1214 2904 1344 2968 veniam

193 3030 292 3093 quam
308 3005 350 3070 ab
367 3027 406 3068 eo
422 3005 614 3087 deposcitis.
662 3007 779 3068 Amen.

235 3111 354 3192 Sicque
368 3108 491 3190 jejunii
514 3107 620 3171 vestri
643 3113 677 3170 et
699 3129 835 3191 precum
856 3112 935 3172 vota
958 3107 1130 3193 suscipiat,
1146 3112 1185 3172 ut
1208 3131 1229 3174 a
1252 3111 1347 3174 vobis

191 3216 333 3280 adversa
345 3212 456 3275 omnia
472 3232 543 3293 quae
556 3216 769 3294 peecatorum
781 3211 1002 3275 retributione
1017 3213 1191 3275 meremini
1203 3219 1347 3292 avertat,

193 3326 227 3380 et
242 3317 364 3379 donum
381 3316 415 3377 in
433 3334 491 3376 vos
509 3313 654 3396 Spiritus
670 3313 831 3378 Paracliti
846 3314 1009 3379 infundat.
1055 3315 1173 3378 Amen.
1247 3383 1252 3391 ,

235 3419 328 3503 Quod
345 3418 426 3500 ipse.

232 3642 275 3696 Do
293 3637 399 3696 Sourta
419 3635 567 3693 Trc'uc'tote
576 3658 631 3713 per
645 3645 732 3695 totum
747 3660 864 3697 ortorum.
909 3638 1087 3697 Benedictio.

236 3852 455 3935 Omnipotens
481 3850 585 3927 Deus,
609 3852 720 3930 Pater,
748 3860 782 3918 et
807 3854 925 3931 Filius,
953 3860 988 3918 et
1015 3852 1162 3938 Spiritus
1191 3857 1346 3938 Sanctus,

192 3977 289 4043 quem
307 3956 340 4017 in
357 3955 553 4018 substantiae
569 3955 698 4019 unitate
714 3957 840 4020 trinum
857 3961 893 4021 et
907 3957 941 4020 in
957 3977 1177 4040 personarum
1194 3961 1347 4027 trinitate

191 4080 293 4124 unum
316 4057 532 4131 veneramini,
550 4079 610 4120 vos
633 4060 675 4121 ab
698 4061 787 4122 omni
810 4060 1016 4125 adversitate
1039 4066 1209 4146 protegat,
1227 4070 1263 4129 et
1286 4086 1346 4130 sua

192 4160 422 4227 benedictione
439 4159 627 4241 perfundat.
673 4163 790 4226 Amen.

236 4266 290 4325 lta
316 4283 375 4325 vos
402 4262 435 4323 in
459 4263 634 4345 praesentis
657 4263 733 4327 vitoe
760 4265 926 4330 curriculo
952 4265 987 4328 in
1011 4286 1072 4330 sua
1094 4265 1157 4328 fide
1182 4268 1348 4335 catholica
