2940 4996
209 401 251 464 96
425 405 676 470 Reconciliatio
694 408 857 473 Ecclesiae
873 410 926 475 vel
944 413 1151 476 Cameterii.

208 605 261 671 cul
277 606 433 690 pellatur,
449 613 483 674 et
505 610 682 693 praesentia
698 610 811 677 Sancti
833 612 978 697 Spiritus
1000 614 1264 680 misericordiam
1281 621 1375 680 tuam

208 712 420 794 poscentibus
435 713 557 796 ubique
580 714 698 778 adesse
714 715 881 801 dignetur.
926 718 991 782 Per
1012 717 1191 783 Dominum
1206 725 1374 784 nostrum.

209 816 249 879 In
265 817 393 880 unitate
410 818 570 901 ejusdem.

249 917 384 995 Sequitur
397 921 548 978 benedictio
560 921 625 978 uini

208 1034 282 1075 cum
298 1013 458 1078 Dominus
473 1015 655 1079 vobiscum.
700 1016 855 1081 Oramus.

250 1116 390 1182 Domine
417 1118 498 1181 Jesu
526 1116 668 1195 Christe,
695 1120 752 1203 qui
779 1141 815 1184 es
843 1120 922 1184 vitis
948 1142 1038 1198 vera,
1066 1122 1188 1207 quique
1214 1123 1250 1186 in
1277 1121 1370 1187 Cana

207 1219 349 1285 Galilaeae
372 1221 483 1284 vinum
500 1242 541 1284 ex
564 1242 652 1304 aqua
672 1221 802 1298 fecisti;
827 1222 1013 1307 multiplica
1035 1245 1136 1308 super
1155 1246 1218 1290 nos
1239 1227 1370 1290 miseri-

204 1324 351 1389 cordiam
365 1329 469 1400 tuam,
485 1329 521 1388 et
535 1323 706 1413 beneffldic
727 1330 828 1409 atque
846 1325 1057 1403 sanctitlsfica
1080 1328 1166 1391 hanc
1181 1333 1371 1393 creaturam

203 1427 282 1504 vini,
305 1433 344 1492 ut
366 1448 467 1512 super
488 1427 704 1511 quodcunque
728 1448 770 1490 ex
791 1449 832 1492 ea
853 1428 966 1491 fusum
988 1428 1105 1506 fuerit,
1128 1431 1247 1494 divinae
1270 1431 1369 1495 bene-

203 1529 359 1593 dictionis
381 1535 446 1594 tuae
472 1528 645 1593 dulcedine
671 1529 852 1613 repleatur,
878 1530 1033 1595 Salvator
1059 1534 1184 1609 mundi,
1209 1534 1266 1617 qui
1294 1556 1367 1598 cum

202 1633 273 1696 Deo
289 1634 389 1697 Patre
405 1644 440 1696 et
456 1632 582 1715 Spiritu
599 1632 721 1696 Sancto
737 1633 823 1696 vivis
839 1639 874 1698 et
889 1655 1013 1719 regnas
1029 1634 1125 1700 Deus
1140 1657 1211 1721 per.

245 1736 357 1793 Deinde
370 1744 456 1812 ponat
470 1735 569 1792 uinum
583 1735 616 1792 in
630 1755 706 1811 aqua
721 1736 825 1797 dicens.

246 1829 325 1894 Fiat
346 1830 414 1893 haec
429 1829 619 1894 commixtio
642 1851 733 1913 aquae
749 1830 867 1896 etvini
890 1831 932 1896 ad
956 1833 1243 1898 consecrationem
1267 1835 1366 1919 hujus

202 1934 348 1998 ecclesiae
381 1939 416 1997 et
452 1933 581 2009 altaris,
614 1934 655 1996 In
692 1935 824 1998 nomine
858 1935 971 2001 Patris
1003 1933 1044 2013 ’Β
1079 1942 1115 2002 et
1147 1936 1228 2000 Filii
1260 1938 1299 2014 ᾧ
1331 1944 1365 2002 et

205 2038 350 2124 Spiritus
367 2045 405 2125 ›1‹
421 2036 545 2101 Sancti.

243 2143 377 2218 Sequitur
396 2141 528 2218 praefatio
550 2160 635 2218 super
657 2161 762 2217 aquam
786 2141 853 2200 uino
876 2141 1005 2215 miratam,
1027 2162 1088 2218 quoe
1111 2143 1213 2220 absque
1238 2143 1363 2204 Oremus

204 2237 290 2294 altius
305 2237 428 2294 dicatur.

245 2333 352 2397 Deum
381 2333 515 2396 Patrem
546 2328 815 2414 omnipotentem,
841 2331 967 2395 fratres
997 2330 1175 2409 carissimi,
1202 2331 1235 2395 in
1268 2335 1363 2418 eujus

201 2439 298 2503 domo
314 2438 502 2509 mansiones
518 2435 629 2500 multae
645 2441 733 2512 sunt,
750 2437 917 2520 supplices
937 2436 1164 2521 deprecamur,
1180 2443 1219 2502 ut
1234 2439 1364 2504 habita-

202 2542 312 2607 culum
324 2542 414 2605 istud
429 2539 503 2624 (uel
514 2539 635 2624 altare)
647 2539 842 2604 benedicere
853 2537 892 2611 >1⁴
903 2545 937 2603 et
948 2541 1116 2604 custodire
1128 2540 1298 2624 dignetur,
1307 2564 1366 2628 per

201 2645 427 2728 aspersionem
450 2643 551 2726 hujus
574 2664 666 2726 aquae
691 2664 764 2706 cum
787 2642 864 2706 vino
888 2643 1009 2721 mixtae,
1026 2649 1064 2708 ut
1086 2644 1245 2709 tenebras
1267 2647 1311 2710 ab
1326 2668 1364 2710 eo

199 2752 345 2836 repellat
359 2757 394 2816 et
408 2752 520 2815 lumen
536 2752 700 2829 infundat,
716 2751 843 2815 nullam
860 2752 1010 2817 saevienti
1026 2753 1221 2818 adversario
1237 2755 1365 2821 tribuat

201 2859 413 2940 potestatem,
430 2856 487 2919 sed
510 2855 645 2939 propria
661 2855 704 2918 sit
721 2854 838 2920 domus
860 2854 933 2933 Dei,
950 2861 985 2920 et
999 2855 1127 2920 nullam
1150 2855 1184 2920 in
1201 2879 1242 2923 ea
1256 2858 1364 2922 inimi·

202 2981 260 3023 eus
276 2960 398 3023 habeat
413 2958 581 3022 licentiam
597 2959 746 3023 nocendi.

240 3062 405 3121 Benedictio
419 3082 499 3137 aquae
512 3082 575 3118 cum
588 3063 655 3120 uino
668 3061 772 3120 miatoe.

249 3160 378 3224 Oratio.
425 3155 577 3220 Oramus.

244 3261 461 3344 Omnipotens
488 3259 687 3343 sempiterne
715 3258 816 3333 Deus,
838 3258 977 3324 Creator
999 3263 1035 3323 et
1059 3265 1277 3325 conservator
1302 3262 1361 3325 hu·

199 3366 288 3430 mani
304 3363 446 3449 generis,
463 3367 498 3426 et
512 3362 609 3426 dator
623 3363 739 3448 gratiae
755 3362 951 3445 spiritualis,
963 3367 1062 3446 atque
1077 3361 1219 3448 largitor
1234 3369 1363 3430 aterna

199 3469 330 3543 salutis,
345 3467 441 3530 mitte
466 3465 626 3548 Spiritum
648 3470 742 3529 tuum
768 3465 926 3529 Sanctum
951 3486 1051 3549 super
1072 3466 1135 3529 hoc
1158 3467 1272 3531 vinum
1289 3490 1361 3532 cum

198 3597 286 3659 aqua
308 3580 342 3638 et
364 3574 473 3637 cinere
496 3571 647 3646 mixtum,
664 3577 702 3635 ut
724 3575 892 3635 armatum
915 3570 1060 3636 coelestis
1085 3570 1280 3636 defensione
1295 3574 1360 3636 vir-

197 3679 292 3752 tutis,
309 3676 349 3740 ad
366 3673 652 3738 consecrationem
668 3674 769 3756 hujus
785 3673 931 3737 eeclesia
948 3678 983 3737 et
998 3672 1117 3737 altaris
1133 3673 1183 3737 tui
1199 3674 1360 3758 proficiat.

199 3783 263 3845 Per
278 3778 466 3842 Dominum.
511 3776 550 3838 In
567 3774 697 3838 unitate
714 3775 872 3858 ejusdem.

237 3881 341 3939 Finita
362 3879 556 3948 benedictione,
572 3878 599 3935 si
612 3877 725 3935 ecclesia
745 3879 792 3949 sit,
807 3878 960 3935 circumeat
981 3876 1125 3954 episcopua
1144 3876 1234 3934 tridua
1254 3878 1360 3936 vicibus

197 3984 373 4051 intrinsecus,
394 3988 435 4037 ter
454 3979 611 4056 sparpenclo
631 4000 737 4056 aquam
756 3979 928 4037 benedictam
949 3999 1013 4037 cum
1033 3978 1099 4049 sale,
1122 3977 1224 4049 cinere,
1239 3987 1265 4037 et
1284 3981 1358 4051 uine,

194 4079 291 4158 primo
300 4096 354 4153 per
369 4075 575 4151 pavimentum,
590 4075 708 4133 secundo
722 4075 755 4133 in
775 4074 879 4145 medio,
896 4074 977 4132 tertio
997 4073 1031 4131 in
1050 4060 1214 4130 summitate
1227 4077 1360 4152 parietis,

197 4184 229 4233 ut
249 4191 336 4249 supra
351 4170 383 4226 in
403 4168 582 4226 dedicatione
601 4168 728 4241 ecclesiae,
743 4190 776 4227 ac
792 4170 938 4247 praecipue
959 4168 992 4226 in
1007 4168 1063 4225 loco
1083 4168 1298 4241 cmdaminalo;
1317 4171 1360 4228 in·

198 4268 305 4347 cipiens
319 4263 441 4341 qualibet
454 4262 513 4319 uice
526 4262 560 4318 ab
579 4263 716 4320 occidente
726 4284 779 4340 per
793 4263 901 4320 boream
918 4262 957 4319 ad
973 4269 1085 4339 partem
1099 4260 1264 4320 orientalem
1277 4284 1359 4341 usqam

199 4366 268 4422 dum
281 4360 375 4419 redeat
384 4379 438 4436 per
450 4357 598 4416 sinistram
612 4357 645 4415 in
658 4358 825 4416 occidentem
840 4358 880 4415 ael
894 4357 984 4415 locum
998 4377 1051 4433 quo
1065 4356 1210 4434 inceperit.
1253 4358 1358 4416 Eodem
