2940 4996
185 408 248 471 126
478 410 679 474 Benedictio
696 409 827 490 tepidis
837 411 1040 492 portabitis.

185 613 347 690 illustres,
364 615 501 697 pietatis
516 620 580 679 tuae
596 636 671 679 rore
688 619 706 655 ⁴*
729 612 967 693 sunctiffifices,
984 621 1023 680 ut
1037 617 1227 701 ubicunque
1244 618 1348 681 fuerit

184 737 332 800 aspersa,
358 739 418 800 per
443 717 686 782 invocationem
717 718 767 782 tui
799 718 906 782 sancti
936 719 1080 783 nominis
1107 721 1216 784 omnis
1243 720 1345 783 infes-

185 819 270 881 tatio
286 819 446 882 immundi
460 820 597 904 spiritus
613 820 800 902 abjicietur,
814 826 989 905 terrorque
1003 823 1161 886 venenosi
1177 823 1345 907 serpentis

186 921 299 1005 procul
326 921 482 1004 pellatur,
506 929 539 986 et
562 922 740 1006 praesentia
767 922 880 988 Sancti
908 923 1052 1009 Spiritus
1078 924 1344 990 miscricordiam

184 1030 275 1087 tunm
306 1025 519 1108 poscentibus
548 1025 672 1108 ubique
703 1024 821 1089 adesse
851 1025 1018 1111 dignetur.
1069 1029 1134 1092 Per
1162 1026 1344 1092 Dominum

186 1133 346 1190 nostrum.
392 1128 432 1191 ln
448 1128 577 1191 unitate
593 1128 752 1211 ejusdem.

229 1231 430 1293 Benedictio
445 1231 527 1293 nini.
1187 1289 1190 1294 .

230 1330 370 1395 Domine
386 1333 407 1396 J
409 1354 468 1395 esu
485 1332 628 1408 Christe,
644 1331 701 1415 qui
717 1351 754 1395 es
769 1332 849 1396 vitis
865 1353 954 1412 vera,
971 1334 1077 1418 quiin
1093 1333 1187 1400 Cana
1202 1333 1348 1417 Galilaeae

186 1436 299 1497 vinum
315 1456 355 1496 ex
371 1456 459 1517 aqua
472 1434 593 1510 fecisti,
615 1434 849 1517 beneffldicere
869 1440 904 1499 et
920 1434 1170 1513 sanetiffificare
1194 1438 1347 1522 digneris

184 1539 269 1601 hanc
296 1542 483 1601 creaturum
507 1537 586 1613 vini,
609 1542 648 1600 ut
670 1536 858 1620 ubieunque
879 1537 956 1602 fuse
978 1538 1031 1603 vel
1054 1560 1211 1624 respersa
1230 1540 1347 1616 fuerit,

187 1640 338 1716 Domine,
368 1636 648 1714 beueffldictiouis
678 1642 744 1702 ture
774 1638 945 1723 opulentis
973 1640 1154 1725 repleatur,
1186 1641 1347 1707 Salvator

186 1742 310 1804 mundi.
355 1741 417 1824 Qui
429 1741 515 1804 vivis
531 1746 566 1805 et
579 1760 703 1825 regnes
715 1762 789 1805 cum
804 1740 877 1805 Deo
892 1742 993 1807 Patre
1008 1743 1043 1806 in
1055 1744 1186 1810 unitate
1199 1744 1347 1830 Spiritus

187 1844 311 1919 Sancti,
328 1843 429 1906 Deus

227 1945 342 2004 Deinde
350 1954 441 2023 ponat
455 1946 554 2003 vinnon
568 1945 601 2002 in
614 1945 708 2022 ipsam
722 1965 836 2020 aquarn,
851 1945 955 2004 dicens.

231 2043 309 2106 Fiet
320 2041 510 2106 commixtio
526 2062 617 2123 aquae
634 2040 747 2104 etvini
763 2039 805 2104 ud
818 2040 1099 2105 consecrationem
1107 2041 1211 2125 hujus
1225 2043 1351 2110 tabulae

186 2158 221 2217 et
234 2152 367 2235 lepidis.
412 2151 451 2213 In
468 2149 600 2212 nomine
616 2147 727 2212 Patris
737 2144 773 2218 *1⁴
785 2154 819 2212 et
832 2147 1001 2224 Filiifflet
1018 2149 1162 2234 Spiritus
1176 2149 1214 2224 *1⁴
1229 2151 1347 2217 Sancti

188 2262 304 2320 Amen.

231 2359 431 2423 Benedictio
446 2377 546 2438 oqnoe
561 2375 634 2417 cnm
650 2355 729 2417 vino
744 2354 870 2416 inintoe.

232 2461 449 2545 Omnipotens
462 2457 661 2540 sempiterne
674 2455 776 2531 Deus,
789 2459 920 2520 creator
931 2461 967 2520 et
980 2463 1198 2524 conservator
1208 2460 1348 2525 humani

187 2565 331 2651 generis,
360 2567 394 2625 et
419 2562 517 2624 dator
545 2559 662 2643 grutiae
690 2556 886 2642 spiritualis,
914 2564 1014 2643 atque
1044 2559 1188 2646 largitor
1217 2568 1351 2629 aeternae

188 2668 319 2744 salutis,
335 2667 432 2729 mitte
458 2663 619 2747 Spiritum
642 2671 737 2726 tuum
755 2662 912 2726 Sanctum
937 2683 1038 2747 super
1056 2666 1119 2728 hoc
1141 2665 1255 2730 vinum
1272 2689 1350 2731 cum

185 2793 273 2855 nque
302 2770 453 2842 mixtum,
481 2772 518 2829 ut
541 2772 706 2830 armatum
735 2764 879 2829 coelestis
905 2765 1098 2831 defensione
1127 2767 1277 2846 virtutis,
1302 2771 1348 2834 ad

186 2873 470 2939 consecrationem
494 2869 595 2953 hujus
621 2868 746 2933 tabulae
771 2868 934 2953 proficiat.
979 2870 1045 2933 Per
1070 2868 1260 2937 Dominum.
1304 2873 1350 2937 In

188 2978 316 3040 unitate
333 2974 492 3057 ejusdem.

229 3080 307 3136 Tnnc
321 3083 414 3133 snrnct
433 3075 468 3132 de
482 3075 535 3132 illo
555 3095 632 3150 aqna
652 3073 830 3148 sanctificata
844 3073 877 3129 in
890 3072 1036 3149 qnondam
1051 3094 1177 3150 parvam
1190 3077 1309 3154 pelvim,
1325 3089 1353 3137 et

186 3195 250 3232 cnm
266 3171 370 3248 pollice
389 3190 438 3226 sno
458 3169 581 3226 chrisme
596 3168 628 3225 in
648 3168 731 3224 illurn
752 3187 857 3243 nonani
877 3166 1018 3224 modicam
1035 3177 1179 3246 sumptam
1197 3172 1294 3230 mittat
1314 3175 1351 3233 in

186 3268 301 3327 moduni
315 3265 414 3334 cincio,
431 3264 471 3320 sic
485 3262 611 3320 dicendo.

230 3360 462 3426 Sanctificetur
485 3380 572 3442 aqua
594 3358 661 3420 ista
682 3357 745 3418 hoc
769 3354 945 3419 salutifero
968 3356 1148 3421 chrismate
1171 3364 1207 3422 et
1229 3365 1351 3427 nostra

184 3463 456 3550 beneffldictione
488 3462 530 3524 ud
558 3458 842 3524 consecrationem
869 3457 971 3540 hujus
997 3458 1120 3522 tabulae
1147 3467 1184 3525 et
1212 3461 1351 3548 lapidis.

186 3571 226 3634 In
242 3567 376 3631 nominc
392 3564 504 3628 Putris
519 3560 558 3638 ᾧ
574 3570 609 3624 ct
623 3561 701 3624 Filii
717 3556 756 3635 *1⁴
772 3564 807 3622 et
824 3559 970 3644 Spiritus
984 3558 1020 3632 *1⁴
1036 3561 1162 3626 Sancti.
1208 3564 1332 3630 Amen.

230 3670 311 3728 Tnnc
325 3669 358 3725 de
379 3687 454 3743 aqna
476 3666 629 3723 chrismato
642 3663 740 3740 faeiat
761 3682 870 3720 cruceni
890 3663 923 3720 in
943 3663 1037 3721 niedio
1057 3683 1159 3722 inensae
1174 3667 1280 3726 tabule
1302 3673 1349 3728 vel

185 3767 293 3846 lapidis
308 3774 333 3823 ct
346 3766 379 3822 in
393 3772 514 3841 qnotnor
528 3761 651 3838 anpnlis,
666 3767 789 3837 repetens
803 3759 835 3816 in
849 3757 972 3835 qnalibet
986 3759 1125 3819 nnctione.

228 3873 497 3945 Sanctifflficetur
513 3874 581 3936 haec
597 3870 715 3936 tabula
729 3869 803 3953 (net
818 3867 932 3952 lapis).
978 3867 1017 3931 In
1034 3870 1168 3935 nomine
1184 3872 1300 3940 Petris
1311 3876 1351 3951 ›1‹

186 3987 220 4043 ct
234 3977 313 4042 Filii
328 3976 367 4056 >1⁴
384 3984 418 4041 et
435 3977 580 4059 Spiritus
594 3971 633 4051 ᾧ
652 3972 775 4037 Sancti.
823 3972 940 4035 Amen.

184 4177 201 4209 i
221 4174 273 4227 MS
284 4193 363 4230 more.
