2940 4996
416 445 614 510 Benedictio
630 444 761 524 lapidis
772 438 978 522 portabilis.
1218 430 1284 493 12⁹

159 646 218 710 Pe.
265 649 304 712 In
318 648 459 713 Domino
475 649 616 714 confido.

155 746 305 824 Hocfocto
318 749 397 808 dicat
409 751 554 827 epiecopus
564 749 763 828 praefationem
776 748 838 805 aine
854 747 993 806 Oremus.
1061 748 1066 760 '

163 843 296 908 Oratio.
333 846 396 910 Dei
407 845 767 929 Patrisomnipotentis
778 841 1041 908 misericordiam
1052 839 1279 922 deprecemur.

110 943 324 1011 dilectissimi
346 949 482 1024 fratres,
505 955 542 1013 ut
565 950 651 1013 hane
673 947 823 1013 tabulam
850 945 1022 1010 sacrificiis
1046 940 1281 1027 spiritualibus

112 1050 385 1126 consecrandum,
401 1059 522 1115 nostrae
546 1053 636 1115 vocis
659 1057 819 1115 exoratus
843 1049 961 1123 officio,
978 1046 1136 1132 praesenti
1152 1042 1278 1123 heneti<

112 1148 258 1215 dictione
281 1154 516 1239 sanctiffilicet
533 1162 569 1218 et
584 1154 618 1217 in
639 1175 679 1216 eo
703 1173 838 1236 semper
860 1150 1049 1215 oblationes
1074 1145 1277 1211 famulorum

114 1273 252 1318 suorum
278 1257 390 1319 studio
418 1263 541 1321 sanctae
565 1256 753 1320 devotionis
780 1255 958 1338 impositas
983 1249 1219 1331 beneffldicere
1243 1253 1278 1312 et

115 1357 366 1440 sanctifflhcare
378 1359 546 1444 dignetur,
559 1366 597 1423 ut
613 1357 783 1443 spirituali
799 1358 955 1442 placatus
967 1357 1114 1429 incensu,
1127 1351 1279 1438 precanti
1305 1408 1310 1418 .

115 1457 252 1523 familiae
283 1481 349 1545 suae
379 1468 553 1546 promptus
584 1460 761 1525 exauditor
790 1460 941 1524 assistat.
999 1457 1065 1521 Per
1098 1455 1278 1520 Dominum

116 1567 270 1626 nostrum
285 1563 306 1627 J
309 1585 401 1627 esum
423 1563 593 1628 Christum
610 1563 731 1627 Filium
755 1583 863 1639 suum,
881 1561 1028 1646 quicum
1044 1580 1084 1623 eo
1100 1563 1135 1624 et
1151 1556 1279 1643 Spiritu

121 1663 243 1729 Sancto
259 1666 343 1731 vivit
357 1673 392 1731 et
405 1673 527 1752 regnat
540 1666 644 1730 Deus.
688 1666 763 1730 Per.

168 1767 318 1861 Oremus.
608 1764 620 1786 ‘

163 1875 349 1938 Diaconos.
394 1874 585 1941 Flectamus
600 1897 721 1960 genua.
765 1875 902 1940 Levate.

166 1980 298 2045 Oratio.
342 1980 494 2058 Domine,
516 1990 631 2046 sancte
656 1983 766 2058 Pater,
790 1982 1001 2065 omnipotens
1023 1985 1145 2045 eterne
1172 1978 1278 2056 Deus,

118 2081 266 2147 clemens
291 2089 326 2147 et
354 2084 519 2168 propitius
548 2105 667 2169 preces
696 2084 898 2147 humilitatis
928 2088 1051 2146 nostrae
1081 2082 1214 2159 exaudi,
1241 2086 1278 2147 et

117 2185 246 2268 respice
269 2185 371 2268 hujus
386 2185 507 2250 tabulae
524 2185 764 2261 holocaustum,
782 2184 868 2270 quod
884 2207 951 2248 non
966 2185 1043 2269 igne
1059 2183 1185 2247 visibili
1200 2204 1277 2268 pro·

117 2291 226 2365 betur,
242 2290 299 2354 sed
315 2291 460 2355 infusum
479 2283 623 2376 Spiritus
640 2292 753 2355 Sancti
776 2290 889 2375 gratia
909 2290 942 2352 in
960 2289 1094 2354 odorem
1111 2295 1175 2353 tuae
1197 2309 1277 2354 sua·

117 2392 235 2456 vitatis
260 2393 429 2469 ascendat,
453 2399 488 2457 et
512 2393 661 2478 legitime
689 2414 725 2457 se
753 2393 964 2457 sumentibus
991 2391 1197 2456 eucharistie
1222 2391 1277 2457 hie

116 2492 324 2558 medicabilis
354 2495 424 2571 fiat,
455 2501 490 2560 et
519 2495 561 2560 ad
592 2496 695 2560 vitem
725 2495 879 2580 proficiat
909 2496 1157 2579 sempiternam.
1211 2495 1279 2559 Per

118 2595 260 2660 eundem
275 2595 452 2660 Dominum
469 2604 631 2661 nostrum.
676 2597 716 2661 lu
733 2597 862 2661 unitate
878 2597 1037 2680 ejusdem.

165 2697 254 2761 Alio
270 2701 383 2763 oratio
399 2721 473 2764 cum
489 2700 640 2764 Oremus.

164 2799 337 2883 Supplices
367 2801 439 2877 tibi,
470 2799 610 2866 Domine
644 2800 746 2879 Deus,
777 2802 879 2867 Pater
910 2800 1131 2887 omnipotens,
1158 2822 1277 2888 preces

117 2902 330 2980 effundimus,
355 2908 394 2966 ut
418 2902 547 2991 metalli
572 2903 673 2987 hujus
699 2904 881 2990 expolitam
909 2903 1096 2979 materiam,
1124 2905 1278 2989 supernis

117 3003 291 3067 sacrificiis
303 3003 515 3069 imbuendam
532 3006 603 3091 ipse
618 3013 682 3071 tua
698 3006 814 3070 dotare
838 3004 1110 3070 sanctificationis
1125 3006 1279 3070 ubertate

116 3105 276 3191 digneris,
303 3107 359 3191 qui
381 3106 547 3192 quondam
577 3108 744 3193 scripsisti
771 3107 913 3194 lapideis
935 3106 1047 3192 legem
1077 3107 1112 3170 in
1141 3106 1278 3173 tabulis.

118 3211 334 3272 terminando
349 3220 483 3274 secrete.
527 3210 592 3274 Per
605 3211 784 3275 Dominum
805 3216 956 3274 nostrum
972 3210 993 3274 J
995 3231 1088 3274 esum
1106 3207 1277 3275 Christum

115 3309 239 3376 Filium
262 3315 366 3374 tuum.
411 3311 474 3397 Qui
492 3319 604 3377 tecum
629 3313 711 3377 vivit
726 3319 761 3378 et
779 3317 912 3398 regnat,
928 3312 962 3375 in
978 3313 1107 3377 unitate
1129 3311 1277 3398 Spiritus

115 3414 233 3478 Sancti
247 3413 347 3478 Deus.

163 3725 229 3789 Per
252 3726 348 3789 omni
364 3763 377 3776 ·
393 3747 414 3790 a
440 3727 598 3793 secu-la
628 3727 779 3792 sse-eulo
793 3764 809 3776 -
824 3748 910 3792 rum.
953 3728 986 3793 A
1002 3748 1116 3794 ·me.u.

112 3891 696 4006 3OE

160 4029 357 4095 Domi-nus
371 4052 413 4094 so
430 4069 442 4082 ·
458 4032 511 4096 bis
526 4069 540 4084 ·
556 4053 642 4098 cum.

156 4333 206 4398 Et
228 4352 304 4396 eum
329 4334 485 4418 spi-ritu
513 4340 551 4399 tu
567 4373 579 4385 -
593 4357 626 4401 e.

217 4434 321 4500 Pout.
343 4432 385 4499 16
