2932 5002
432 757 681 822 ORDINATIO
705 757 1025 822 OSTIARIORUM.

205 960 273 1020 Post
302 960 432 1038 primam
462 958 624 1016 orationem.
667 958 778 1016 Deinde
811 959 903 1016 sedeat
937 959 1079 1036 episcopus
1113 964 1177 1014 ante
1208 956 1308 1026 altare,

153 1076 296 1114 conversus
324 1055 362 1129 aot
390 1053 592 1122 ordinandum,
617 1059 641 1109 et
668 1053 884 1110 archidiaconus
912 1052 944 1109 in
968 1073 1040 1129 capa
1066 1052 1155 1110 serica
1181 1050 1308 1122 indutus,

154 1151 300 1208 lrumititer
320 1149 468 1226 respiciens
489 1148 522 1204 in
540 1147 707 1224 episcopani,
724 1167 787 1204 cuni
807 1147 851 1204 luis
871 1147 959 1204 uerbis
974 1147 1136 1223 alloquitur,
1153 1146 1197 1202 ita
1217 1145 1311 1202 dicens

153 1245 253 1303 stando
267 1253 292 1302 et
305 1244 388 1320 quasi
401 1264 476 1300 more
491 1242 615 1312 iectionis
630 1241 749 1316 tependo.

196 1340 349 1405 Postulat
376 1340 444 1401 haec
472 1344 588 1400 sancta
612 1337 761 1411 ecclesia,
788 1336 968 1398 reverende
999 1341 1103 1418 pater,
1129 1335 1190 1398 hos
1220 1334 1310 1398 viros

154 1444 323 1506 ordinibus
339 1447 445 1526 aptos,
462 1439 649 1503 consecrari
665 1439 727 1501 sibi
744 1461 764 1501 a
779 1445 892 1500 vestra
907 1439 1119 1520 paternitate.

551 1544 740 1622 Responsio
757 1545 918 1623 episcopi.

196 1647 283 1712 Vide
310 1652 347 1713 ut
372 1653 504 1720 natura,
533 1646 681 1720 scientia,
709 1650 743 1708 et
768 1646 925 1720 moribus,
952 1644 1038 1708 tales
1065 1647 1181 1728 perte
1208 1643 1310 1707 intro·

154 1752 324 1826 ducantur,
355 1751 420 1812 imo
455 1747 541 1812 tales
572 1768 632 1830 per
665 1767 725 1810 nos
755 1747 789 1809 in
823 1747 919 1810 domo
950 1747 1081 1809 Domini
1115 1744 1310 1810 ordinentur

153 1874 309 1936 personae,
325 1873 384 1937 per
400 1871 482 1935 quas
505 1849 656 1913 diabolus
671 1849 783 1933 procul
807 1849 961 1933 pellatur,
979 1855 1013 1912 et
1035 1848 1143 1912 clerus
1167 1847 1308 1913 Domino

154 1962 268 2020 nostra
284 1954 532 2040 multiplicetur.

497 2057 687 2137 Responsio
704 2055 950 2118 arclndiaconi.

198 2159 362 2244 Quantum
386 2160 427 2224 ad
443 2161 622 2222 humanum
644 2165 772 2242 spectat
793 2180 941 2233 examen,
964 2163 1094 2233 nutura,
1111 2157 1259 2236 scientia,
1277 2167 1311 2224 et

152 2264 298 2328 moribus
321 2264 411 2348 digni
435 2264 610 2339 habentur,
637 2269 672 2327 et
698 2261 791 2344 probi
818 2267 1050 2345 cooperatores
1077 2262 1160 2325 effici
1183 2262 1217 2326 in
1245 2263 1309 2340 his,

155 2367 224 2430 Deo
240 2365 382 2441 volente,
399 2371 548 2449 possunt.

207 2548 314 2620 Quibus
334 2547 457 2627 captetis,
474 2548 551 2607 dicat
572 2546 713 2624 episcopus
734 2547 806 2605 tanc
826 2549 980 2606 orationem
999 2547 1109 2626 publice
1128 2548 1229 2608 stando
1249 2551 1311 2610 sins
1344 2594 1347 2601 -

155 2653 230 2702 nota.

176 2737 368 2802 Auxiliante
379 2736 520 2800 Domino
532 2743 566 2801 et
578 2738 743 2801 salvatore
756 2742 869 2802 nostro
880 2738 901 2802 J
904 2760 962 2802 esu
975 2738 1119 2815 Christo,
1129 2745 1310 2823 praesentes

153 2845 275 2907 fratres
291 2843 396 2906 nostri
411 2842 445 2904 in
462 2863 591 2906 sacrum
607 2843 753 2904 ordinem
769 2843 864 2906 electi
887 2849 964 2907 sunt
979 2865 999 2907 a
1015 2844 1109 2908 nobis
1125 2850 1160 2907 et
1181 2843 1310 2911 clericis

67 2978 69 2982 ·
154 2947 229 3009 huic
256 2952 376 3009 sanctae
408 2945 476 3008 sedi
506 2946 755 3022 famulantibus,
779 2945 837 3009 alii
867 2946 908 3010 sd
939 2947 1080 3011 officium
1110 2949 1310 3032 presbiterii,

153 3048 293 3112 diaconii
310 3045 361 3111 vel
379 3048 593 3122 subdiaconii,
609 3048 740 3130 quidam
758 3069 836 3111 vero
852 3049 894 3111 ad
910 3056 1044 3113 caeteros
1067 3051 1310 3119 ecclesiasticos

154 3150 299 3234 gradus:
323 3149 469 3232 proinde,
486 3150 698 3213 admonemus
714 3155 749 3214 et
763 3151 971 3234 postulamus
994 3158 1062 3216 tam
1078 3174 1138 3216 vos
1160 3153 1310 3234 clericos,

154 3278 252 3342 quam
268 3261 419 3320 caeterum
436 3256 602 3340 populum,
619 3264 657 3319 ut
671 3277 731 3340 pro
747 3257 842 3319 nobis
858 3262 891 3322 et
906 3279 965 3343 pro
981 3257 1048 3320 illis
1064 3280 1146 3342 puro
1162 3261 1260 3325 corde
1276 3269 1311 3328 et

154 3360 282 3424 sincera
296 3365 406 3422 mente
422 3360 509 3442 apud
524 3359 668 3422 divinam
681 3358 888 3422 clementiam
904 3361 1106 3424 intercedere
1118 3361 1309 3447 dignemini,

152 3468 318 3546 quatenus
343 3483 405 3525 nos
430 3463 548 3546 dignos
574 3463 676 3525 faciat
701 3482 761 3545 pro
781 3461 850 3524 illis
873 3465 1031 3540 exaudiri,
1056 3471 1089 3528 et
1113 3486 1170 3529 eos
1192 3488 1309 3535 unum·

154 3587 316 3650 quemque
329 3565 362 3627 in
379 3585 439 3628 suo
452 3565 565 3628 ordine
578 3565 712 3648 eligere,
725 3572 760 3629 et
775 3586 965 3630 consecrare
978 3589 1037 3650 per
1048 3590 1166 3633 manus
1177 3579 1311 3640 nostras

152 3670 317 3752 dignetur.
364 3667 474 3750 Siquis
497 3669 598 3730 habet
624 3673 736 3730 autem
759 3667 883 3752 aliquid
906 3676 1021 3735 contra
1043 3672 1104 3735 hos
1126 3673 1227 3752 viros,
1249 3699 1310 3762 pro

154 3771 234 3847 Dec,
258 3776 293 3834 et
315 3776 451 3856 propter
472 3769 589 3846 Deum,
611 3793 684 3834 cum
707 3771 826 3835 fiducia
848 3780 946 3838 exeat
969 3780 1004 3839 et
1024 3775 1123 3840 dieat.
1168 3778 1310 3845 Verum-

156 3888 265 3937 tamen
283 3895 408 3936 memor
424 3874 468 3938 sit
484 3874 722 3937 communionis
739 3882 753 3910 ⁸
770 3896 844 3938 suae.

153 4087 166 4114 ⁸
185 4077 220 4130 al.
259 4075 431 4128 conditionis.
