2940 4996
171 405 212 466 92
395 409 649 474 Reconciliatio
665 410 832 475 Ecclesia
846 411 901 476 uel
918 411 1120 476 Goemcterii.

226 726 591 808 [REOONOILIATIO
613 732 844 798 EOOLESIAE
866 732 959 797 VEL
981 728 1278 813 ammarum]

206 965 246 1022 In
266 966 492 1025 reconciliatione
515 968 633 1027 ecclesiae
652 970 709 1028 siue
729 971 880 1030 coemeterii
899 970 942 1028 acl
965 969 1082 1028 alterius
1103 969 1159 1027 loci
1178 967 1259 1026 sacri
1281 966 1331 1024 ubi

165 1062 281 1136 sanpuis
296 1061 390 1136 fuerit
419 1061 558 1144 [effusus]‚
578 1072 629 1122 aut
649 1065 836 1123 homicidium
847 1065 970 1142 sactum,
991 1073 1042 1123 aut
1064 1064 1167 1142 aliqua
1188 1062 1330 1140 spurcitia

161 1157 273 1231 publice
283 1165 456 1234 perpetrata.

204 1252 305 1309 Primo
326 1252 493 1310 ordinentur
512 1274 580 1311 oasa
601 1275 665 1312 cum
679 1275 754 1331 aqua
775 1262 800 1314 et
820 1255 882 1313 alia
895 1275 964 1313 ausa
984 1253 1180 1313 convenientia
1201 1253 1243 1310 ad
1256 1252 1329 1329 defe-

164 1348 283 1405 rendam
304 1368 418 1423 uquam,
445 1349 498 1418 sal,
524 1350 607 1419 cinis,
634 1351 733 1408 vinnm
745 1372 757 1422 ;
780 1362 808 1409 et
830 1351 987 1410 inductae
1010 1358 1099 1419 entra,
1126 1360 1160 1406 ut
1182 1369 1274 1427 supra
1297 1349 1330 1406 in

163 1442 339 1500 dedicatione
366 1445 523 1515 coemeterii,
551 1445 669 1503 dicendo
691 1445 817 1522 psalmos
844 1447 896 1522 qui
921 1446 955 1504 in
981 1444 1185 1503 consecratione
1212 1443 1330 1502 ccclesia

164 1537 360 1607 intitulantur,
375 1559 438 1595 cum
448 1539 617 1616 precibus'et
630 1541 765 1611 oratioue,
783 1540 875 1612 Deus,
888 1542 938 1619 qui
953 1547 1083 1619 paterna.

202 1631 304 1689 Postea
324 1633 418 1690 ueniat
438 1633 581 1710 episcopus
603 1655 667 1693 cum
687 1634 783 1693 baculo
807 1635 955 1712 pastorali,
976 1643 1092 1693 ornatus
1113 1632 1232 1703 amictu,
1254 1632 1329 1704 alba,

159 1728 230 1784 stola
239 1729 377 1804 pitacioli,
394 1737 419 1786 et
432 1750 504 1806 capa
518 1731 551 1788 de
565 1731 641 1808 bysso
655 1732 688 1789 id
701 1739 739 1790 est
752 1732 891 1805 haberant,
905 1739 930 1790 et
943 1731 1033 1791 mitra
1046 1730 1176 1808 simplici
1189 1738 1215 1788 ct
1232 1729 1328 1788 baculo

162 1823 222 1880 sine
235 1824 392 1899 manipulo.

198 1917 238 1974 In
251 1918 340 1974 cundo
355 1940 447 1975 versus
461 1920 603 1977 ecclesiam
617 1920 659 1977 uel
672 1921 867 1992 coemeterium,
882 1927 1010 1979 cantetur
1022 1920 1079 1978 buo
1093 1918 1266 1996 antiphona.

203 2012 295 2076 Deus
322 2013 356 2077 in
384 2014 499 2078 sancto
530 2015 586 2078 via
611 2020 691 2091 tua3
722 2015 795 2099 quis
822 2016 915 2080 Deus
944 2036 1087 2101 magnus
1119 2016 1209 2080 sicut
1236 2014 1327 2079 Deus

160 2120 293 2179 noster:
317 2121 355 2178 tu
372 2137 407 2179 es
423 2117 516 2179 Deus
532 2117 589 2201 qui
604 2117 688 2181 facis
703 2117 871 2182 mirabilia
885 2139 1008 2203 magna
1023 2116 1127 2182 solus.

205 2221 263 2282 Ps.
309 2219 476 2283 Viderunt
491 2226 524 2283 te
540 2241 643 2303 aquae.

200 2322 241 2378 Et
255 2329 320 2379 ante
333 2321 428 2396 ipsam
442 2320 585 2378 ecclesiam
598 2321 709 2379 ueniens
722 2321 765 2379 ael
785 2320 980 2394 coemeterium,
994 2321 1121 2400 deposita
1134 2321 1235 2394 mitra,
1253 2321 1328 2380 dicat

160 2418 304 2494 episcopus
317 2416 390 2473 ban-c
403 2416 567 2484 orationem.

204 2512 356 2575 Oramus.

203 2615 419 2697 Omnipotens
450 2613 651 2698 sempiterne
681 2611 783 2689 Deus,
814 2613 871 2698 qui
902 2613 1130 2678 sacerdotibus
1164 2613 1234 2678 tuis
1264 2636 1328 2700 prae

158 2718 279 2782 ceteris
301 2721 430 2780 tantam
453 2716 597 2801 gratiam
621 2716 803 2793 contulisti,
820 2722 859 2780 ut
881 2716 1035 2800 quicquid
1059 2716 1093 2778 in
1114 2720 1174 2780 tuo
1198 2719 1328 2782 nomine

155 2823 253 2905 digne
276 2820 487 2904 perfecteque
504 2820 545 2882 ab
562 2819 610 2882 eis
631 2818 753 2903 agitur,
770 2840 791 2882 a
806 2825 839 2883 te
856 2819 927 2882 fieri
943 2818 1110 2895 creditur3
1134 2840 1323 2902 quaesumus

154 2927 350 2988 immensam
373 2923 581 2987 clementiam
604 2929 705 2999 tuam,
722 2927 761 2986 ut
783 2922 870 3006 quod
893 2923 989 2987 modo
1011 2923 1186 2987 visitaturi
1208 2945 1322 2989 sumus

155 3029 283 3102 visites,
301 3031 334 3090 et
351 3026 505 3109 quicquid
528 3025 734 3089 benedicturi
751 3045 876 3100 sumus,
892 3025 1130 3104 beneffldicam
1154 3027 1265 3111 sitque
1280 3028 1322 3091 ad

156 3140 278 3198 nostrae
294 3133 494 3197 humilitatis
510 3133 695 3207 introitum,
713 3135 903 3194 sanctorum
926 3135 1060 3194 tuorum
1081 3131 1223 3208 meritis,
1240 3131 1321 3217 fuga

157 3240 350 3312 daemonum,
367 3236 477 3320 angeli
493 3235 585 3319 pacis
601 3235 784 3318 ingressus.
830 3233 895 3297 Per
908 3232 1089 3296 Christum.

204 3343 334 3406 Oratio.
379 3340 484 3404 Aufer
517 3361 537 3403 a
570 3339 676 3413 nobis,
710 3336 862 3411 Domine,
894 3355 1092 3418 qnaesumus‚
1126 3335 1320 3421 iniquitates

155 3450 298 3520 nostras
322 3449 360 3508 ut
386 3443 427 3507 ad
453 3442 527 3505 loca
552 3446 610 3504 tuo
637 3440 760 3502 nomini
787 3438 992 3522 purificanda
1018 3438 1111 3521 puris
1134 3459 1320 3504 mereamur

156 3548 324 3611 mentibus
340 3546 504 3610 accedere.
548 3545 613 3607 Per
627 3542 815 3605 Dominum.

182 3652 275 3724 ‚Tunc
290 3651 374 3707 intret
387 3648 529 3725 episcopus
549 3645 691 3703 ecclesiam
710 3644 758 3722 (si
776 3644 814 3700 sit
828 3641 1056 3718 reconcilianda)
1070 3641 1114 3700 uel
1126 3643 1317 3710 coemeterium,

155 3746 235 3802 obora
249 3753 361 3803 canente
375 3744 448 3801 banc
462 3735 657 3818 antiphonam.

197 3842 267 3903 Pax
292 3840 369 3903 huic
392 3837 502 3902 domui
528 3835 601 3920 (uel
622 3832 709 3918 loco)
733 3839 768 3896 et
790 3832 940 3896 omnibus
962 3831 1195 3897 habitantibus
1219 3833 1253 3897 in
1279 3854 1318 3897 ea

155 3943 228 4026 (ael
243 3942 315 4025 e0);
338 3963 405 4026 pax
420 3939 684 4025 ingredientibus
700 3943 735 4001 et
751 3935 1008 4020 egredientibus,
1024 3934 1172 3999 alleluia.

196 4045 237 4102 Et
250 4043 361 4100 ueniens
375 4064 469 4100 coram
490 4064 568 4100 cruce
582 4042 614 4099 in
634 4040 747 4098 ecclesia
760 4039 803 4096 vel
822 4037 902 4114 iufra
916 4037 1101 4096 ooentctcrium
1121 4037 1155 4095 iu
1168 4038 1315 4108 occidente,

155 4139 299 4198 accumbat
312 4157 395 4213 super
400 4137 601 4212 faldistorium
621 4136 689 4193 dum
702 4134 810 4191 dicitur
823 4133 940 4203 litania,
954 4140 986 4189 ut
1005 4152 1094 4210 supra
1108 4132 1143 4190 in
1155 4133 1313 4192 ordinibus.

155 4235 198 4291 Et
220 4252 284 4290 cum
308 4239 420 4288 ventum
434 4230 529 4308 faerit
553 4231 591 4287 ad
610 4250 720 4288 uersum
743 4229 794 4306 pai
813 4249 870 4305 pro
890 4227 1005 4285 domino
1027 4226 1154 4305 episcopo
1174 4236 1312 4299 cantatur,

157 4335 254 4406 surpat
268 4327 409 4403 episcopus
424 4334 449 4384 ct
462 4327 548 4384 dicut.
