2940 4996
505 398 690 467 Dedicatto
704 395 879 466 Ecclesiae
1229 392 1272 461 77

111 608 232 670 auctor
253 603 416 669 efficiatur
436 603 587 669 infector.
634 601 699 668 Sed
721 608 756 668 te
780 600 953 686 praecipue,
976 597 1029 664 cui
1052 596 1138 663 hanc
1157 617 1272 663 euram

112 707 391 782 commendamus,
401 706 653 783 interveniente,
664 705 881 788 omnibusque
891 702 1017 768 sanetis
1026 701 1273 785 adjuvantibus,

112 810 232 895 clypeo
253 809 357 873 divini
372 809 547 873 tutaminis
568 830 590 874 a
612 809 746 873 laesione
769 807 916 891 corporis
938 809 973 871 et
994 805 1111 871 animae
1133 802 1276 890 protecti

112 933 231 976 omnes
251 911 305 977 hic
327 911 506 976 adorantes
528 911 758 976 exaudiantur.
803 909 1025 974 Odoramenta
1048 928 1178 992 quoque
1201 927 1275 971 orn·

112 1014 245 1080 tionum
275 1013 382 1099 plebis
408 1013 604 1079 Christianae
629 1014 665 1077 in
691 1013 847 1078 libatorio
872 1011 964 1076 vasis
993 1009 1097 1087 aurei,
1124 1008 1275 1094 angelico

113 1115 294 1181 comitatus
301 1115 483 1198 juvamine,
496 1115 539 1180 ad
553 1116 665 1180 Patris
675 1116 832 1180 thronum
844 1116 881 1177 tu
893 1112 1045 1177 conferas
1056 1133 1123 1197 prae
1138 1110 1274 1187 ceteris,

114 1222 282 1302 quatenus
308 1217 384 1303 jugi
412 1217 538 1282 intuitu
562 1216 726 1281 Dominus
757 1217 848 1281 Deus
878 1220 1001 1291 noster,
1028 1235 1088 1298 per
1116 1213 1276 1278 virtutem

117 1327 242 1387 sanctae
264 1321 381 1398 crucis,
397 1320 452 1384 hic
473 1319 699 1404 ingredientes
715 1324 750 1384 et
771 1322 905 1383 orantes
927 1317 1014 1382 tueri
1036 1321 1071 1381 et
1092 1315 1278 1401 gubernare

115 1425 283 1510 dignetur.
328 1423 392 1510 Qui
413 1423 496 1491 vivit
515 1427 551 1488 et
573 1427 693 1509 regnat
704 1443 775 1510 per
795 1421 908 1486 omnia
930 1419 1051 1486 saecnln
1072 1417 1277 1485 aaeculorum.

116 1529 234 1594 Amen.

157 1629 212 1686 Ad
225 1626 419 1706 cornpicndnrn
432 1649 442 1687 .·
461 1625 636 1686 Benedictio,

160 1723 352 1790 Benedictio
363 1723 426 1788 Dei
438 1723 590 1805 Pm1⁴tris
605 1721 852 1808 omnipotentie,
864 1727 899 1788 et
914 1720 1032 1807 Fieplii
1045 1725 1080 1786 et
1092 1718 1278 1805 Spiritum&

117 1826 233 1892 Sancti
246 1830 382 1890 maneat
406 1846 507 1910 super
527 1825 660 1889 domum
676 1824 777 1891 istem
793 1829 829 1890 et
844 1846 944 1910 super
965 1844 1080 1889 omnes
1100 1822 1279 1888 adorantes

118 1930 155 1994 in
181 1951 232 1994 ea.
276 1928 338 2013 Qui
368 1928 477 1992 trinus
499 1928 535 1991 in
565 1928 694 1993 unitate
721 1935 756 1993 et
782 1949 868 1992 unus
893 1928 929 1991 in
954 1927 1108 1992 trinitate
1133 1925 1218 1991 vivit
1243 1927 1279 1988 et

117 2031 284 2118 gloriatur
297 2030 401 2108 Beue,
417 2052 477 2115 per
491 2030 623 2096 infinita
639 2031 758 2096 saecula
774 2030 978 2096 saeculorum.
1022 2031 1139 2093 Amen.

158 2135 263 2193 thita
283 2134 520 2193 commendatione
540 2134 667 2207 ecclesiae,
681 2135 842 2212 eprcdiatar
857 2133 986 2212 pontifex
1005 2153 1068 2191 cunt
1087 2130 1238 2200 ministris,
1254 2136 1280 2188 et

117 2237 205 2289 cana
229 2250 257 2287 se
280 2228 457 2299 vestimentis,
483 2229 583 2306 quibem
602 2228 689 2306 prins
715 2230 853 2301 utebatur,
877 2228 993 2304 lotisque
1018 2226 1157 2296 marciban,
1181 2243 1280 2283 nastes

117 2324 256 2384 vestiatur
281 2324 356 2396 alda,
378 2325 458 2395 stola,
485 2325 592 2395 tunica,
618 2325 786 2398 dalmatica,
812 2324 972 2402 mancipato,
998 2322 1104 2394 casula,
1127 2321 1226 2391 mitra,
1255 2326 1282 2378 et

116 2418 293 2477 chirothecis.
333 2418 473 2477 Ministri
490 2439 596 2496 qaoque
609 2419 779 2477 induantur.
820 2420 969 2477 Diaconos
982 2417 1096 2496 quidem
1110 2416 1185 2488 aida,
1198 2414 1280 2484 stola,

116 2513 276 2571 dalmatica
290 2520 315 2572 et
328 2513 502 2591 mnnipaio,·
521 2513 717 2586 subdiaconus,
733 2513 807 2584 alba,
823 2513 931 2584 tunica,
948 2521 973 2571 et
986 2511 1156 2590 manipaio,·
1174 2508 1280 2587 reliqui

117 2607 173 2688 qni
185 2607 336 2666 necessarii
347 2616 420 2679 eant,
436 2608 509 2666 sicat
521 2608 740 2685 uniuscnjusque
753 2609 883 2686 competit
895 2606 1063 2667 ministerio.

160 2702 268 2774 Quadrata
282 2702 402 2773 indatio,
412 2703 579 2780 proecedente
589 2723 677 2775 cracc,
686 2702 872 2775 candelabris,
882 2701 1033 2773 timidule,
1045 2707 1120 2759 tenta
1130 2698 1280 2776 neapolit,

121 2797 285 2875 coeterisqnc
304 2797 494 2875 reliquiarum
507 2797 601 2870 thecis,
615 2818 679 2856 cnm
699 2796 779 2856 omni
795 2797 970 2856 veneratione
984 2796 1121 2874 procedat
1140 2795 1283 2874 episcopas

115 2912 184 2952 enm
197 2891 277 2951 cinni
286 2892 357 2952 ciero
370 2892 410 2952 ad
419 2892 562 2952 ecclesiane
572 2913 659 2971 qaam
673 2892 851 2965 consecravit,
864 2893 936 2952 tanc
946 2892 1071 2951 canendo
1084 2892 1281 2970 antiphonam.

1 3069 1181 3192 Ἧ-

163 3225 339 3290 Sanc-tum
372 3229 427 3290 est
458 3245 499 3289 ve
515 3245 618 3288 -rum
655 3223 692 3288 lu
707 3262 720 3274 -
735 3245 812 3289 men
846 3230 881 3291 et
914 3224 1018 3290 cd-mi
1033 3261 1046 3274 ·
1062 3224 1164 3289 ret-bi
1180 3260 1192 3273 -
1208 3259 1221 3272 ·
1237 3222 1280 3300 le,

118 3392 1282 3540 w

119 3565 169 3632 mi
184 3602 199 3617 ·
214 3601 228 3616 -
243 3563 406 3630 nis-trans
421 3563 456 3628 lu
472 3585 566 3629 -cem
581 3564 635 3630 hia
650 3565 705 3650 qui
749 3570 1034 3652 perman-serunt
1047 3565 1084 3629 in
1098 3586 1143 3630 a·
1152 3585 1195 3648 go
1211 3601 1224 3613 ·
1239 3583 1282 3628 no

119 3751 1176 3874 W
730 3778 1285 3926 931.Πῇ

119 3982 178 4028 cer
190 3994 204 4007 ·
215 3958 401 4025 te-mi-nis:
417 3958 501 4023 reci
527 3958 590 4044 -pi
606 3996 618 4009 -
634 3962 696 4026 unt
707 3959 750 4025 ab
775 3959 865 4044 ipso
881 3956 1034 4044 splendo—
1049 3979 1119 4023 rem
1135 3959 1255 4044 sem-pi
1271 3995 1284 4009 -

118 4330 172 4388 ter
187 4359 200 4374 -
216 4342 297 4387 num
313 4320 349 4386 in
365 4340 429 4404 quo
469 4319 614 4386 asni-du
629 4358 643 4372 ·
660 4341 677 4386 e
709 4320 782 4386 fedi
793 4341 871 4386 -ces
902 4321 940 4386 1ae
954 4326 1110 4387 -tan-tur.
