2940 4996
197 399 262 463 230
570 403 787 467 Conoeorotio
802 403 980 484 Episcopi.

232 604 316 662 Doto
330 607 427 676 mitro,
444 607 531 664 deici
544 608 666 665 codicem
679 609 897 685 evonpeliorono,
914 608 1018 666 dicens.

237 701 358 784 Accipe
376 702 596 787 evangelium,
613 709 647 767 et
663 705 756 780 vade,
772 705 914 787 praedica
928 702 1051 788 populo
1072 702 1133 766 tibi
1150 700 1350 776 commisso;

193 807 314 885 potens
330 810 382 868 est
398 806 484 868 enim
508 805 599 869 Deus
615 828 738 890 augere
756 808 822 870 tibi
844 808 989 892 gratiam
1012 826 1116 882 suam,
1134 805 1192 889 qui
1207 805 1294 869 vivit
1316 809 1352 868 et

193 912 323 990 regnat.

230 1010 344 1066 Deinde
360 1009 469 1083 deputor
483 1010 666 1084 evanyeiiuno.

233 1102 372 1178 Sequatur
386 1111 527 1159 secretum.

237 1198 385 1281 Suscipe,
409 1197 560 1273 Domine,
585 1219 725 1261 munera
752 1221 823 1282 quae
849 1199 910 1263 tibi
935 1198 1106 1262 offerimus
1131 1219 1191 1281 pro
1218 1196 1349 1260 famulo

191 1306 260 1375 tuo,
274 1306 311 1363 ut
327 1301 491 1384 propitius
507 1301 541 1363 in
557 1302 670 1364 eodem
688 1307 748 1366 tua
763 1304 850 1367 dona
865 1303 1043 1367 custodias,
1088 1303 1153 1365 Per
1168 1302 1349 1364 Dominum

192 1409 354 1465 nostrum.

230 1505 317 1580 Infra
336 1505 488 1561 Cononem.

233 1603 329 1664 Hanc
357 1602 461 1684 igitur
488 1599 689 1664 oblationem
718 1602 891 1666 servitutis
915 1606 1046 1676 nostrae,
1075 1602 1132 1664 sed
1159 1605 1195 1663 et
1220 1606 1346 1664 cunctae

189 1704 322 1767 familiae
338 1711 413 1779 tuae,
431 1725 530 1786 quam
546 1704 608 1767 tibi
623 1705 802 1780 offerimus,
820 1706 920 1769 etiam
944 1727 1003 1789 pro
1020 1704 1143 1768 famulo
1160 1711 1232 1778 tuo,
1249 1725 1347 1786 quem

189 1808 231 1870 ad
257 1807 467 1889 episcopatus
493 1807 640 1869 ordinem
667 1829 860 1889 promovere
888 1808 1046 1892 dignatus
1072 1827 1119 1881 es,
1143 1827 1345 1889 quaesumus,

187 1911 338 1984 Domine,
366 1914 405 1972 ut
430 1908 583 1992 placatus
611 1910 765 1994 accipias,
792 1916 826 1973 et
849 1911 1014 1995 propitius
1040 1910 1074 1972 in
1103 1930 1142 1972 eo
1170 1916 1231 1972 tua
1258 1910 1347 1973 dona

188 2013 376 2087 custodias;
408 2017 447 2074 ut
477 2013 563 2095 quod
594 2013 704 2075 divino
736 2034 872 2076 munere
903 2018 1098 2077 consecutus
1129 2018 1193 2088 est,
1224 2013 1348 2076 divinis

188 2116 360 2178 effectibus
377 2120 589 2196 exsequatur.

230 2220 515 2282 Poeteommonio.

230 2323 381 2397 Plenum,
398 2341 596 2403 quaesumus,
613 2320 764 2396 Domine,
781 2322 814 2383 in
838 2321 934 2384 nobis
957 2321 1139 2384 remedium
1163 2324 1228 2384 tuse
1245 2320 1343 2385 mise-

186 2427 326 2490 rationis
354 2445 502 2508 0perare,
527 2429 561 2486 et
588 2424 675 2487 tales
698 2446 758 2487 nos
786 2446 859 2488 esse
886 2425 1005 2508 perfice
1032 2424 1210 2508 propitius,
1234 2429 1270 2487 et
1297 2424 1344 2487 sic

182 2531 298 2604 foveri,
316 2533 353 2590 ut
368 2527 429 2590 tibi
445 2527 479 2588 in
497 2528 649 2588 omnibus
665 2527 795 2610 placere
812 2527 994 2591 valeamus.
1041 2529 1105 2590 Per
1118 2525 1310 2589 Dominum.

229 2633 318 2693 Alio
335 2633 440 2691 misso
456 2631 492 2690 in
509 2632 728 2692 ordinatione
745 2631 907 2708 episcopi.

231 2736 392 2798 Collecto.
437 2732 540 2806 Deus,
553 2733 610 2814 qui
627 2733 667 2794 ad
684 2732 861 2795 ineffabilis
874 2730 1121 2795 observantiam
1138 2731 1341 2795 sacramenti

183 2840 383 2903 famulorum
411 2843 544 2899 tuorum
574 2857 741 2919 praeparas
771 2835 981 2910 voluntates;
1013 2835 1108 2897 donis
1138 2835 1208 2898 tuis
1240 2835 1340 2898 corda

184 2949 300 3006 nostra
326 2939 474 3022 purifica,
501 2943 539 3000 ut
569 2939 655 3020 quod
684 2942 799 3001 saneta
826 2938 1002 3001 devotione
1033 2942 1085 2999 est
1115 2937 1338 3011 tractandum,

186 3045 325 3109 sinceris
341 3042 510 3105 mentibus
526 3062 757 3124 exsequamur.
803 3041 877 3102 Per.

227 3125 416 3210 Socratem.
455 3143 534 3206 Haec
547 3143 667 3217 hostin,
681 3163 878 3224 quaesumus,
891 3140 1043 3215 Domine,
1056 3142 1213 3205 emundet
1225 3145 1341 3205 nostra

184 3250 316 3323 delicta,
340 3252 373 3310 et
400 3246 597 3308 sacrificium
621 3245 855 3308 celebrandum
879 3243 1086 3307 subditorum
1112 3243 1175 3307 tibi
1202 3264 1341 3327 corpora

181 3356 375 3432 mentesque
394 3348 587 3410 sanctificet.
635 3347 707 3409 Per.

221 3454 264 3511 In
281 3452 405 3509 Curione.

225 3548 322 3611 Hanc
349 3545 454 3628 igitur
480 3543 680 3607 oblationem
710 3541 882 3606 servitutis
910 3546 1041 3616 nostroe,
1066 3541 1123 3603 sed
1151 3544 1186 3604 et
1213 3549 1338 3604 cunctae

181 3651 314 3714 familiae
337 3655 410 3723 tuoe,
427 3669 523 3730 quam
541 3648 603 3710 tibi
620 3647 790 3710 offerimus
813 3647 913 3708 etiam
935 3666 995 3729 pro
1011 3643 1136 3708 famulo
1152 3652 1223 3720 tuo,
1240 3666 1337 3727 quem

181 3756 221 3816 nd
250 3753 460 3836 episcopatus
487 3750 635 3812 ordinem
660 3769 855 3833 promovere
881 3749 1040 3832 dignatus
1067 3768 1113 3822 es,
1138 3768 1337 3830 quaesumus,

181 3855 330 3928 Domine,
356 3859 395 3916 ut
420 3853 572 3936 placatus
599 3852 752 3934 accipias,
780 3857 815 3914 et
840 3851 1005 3934 propitius
1031 3850 1065 3912 in
1097 3870 1135 3913 eo
1163 3858 1224 3914 tua
1249 3850 1336 3915 dona

181 3957 359 4030 custodias,
390 3961 428 4016 ut
457 3955 544 4037 quod
577 3954 689 4017 divino
720 3974 856 4015 munere
891 3957 1089 4015 consecutus
1120 3956 1182 4028 est,
1214 3953 1335 4017 divinis

181 4058 354 4120 effectibus
371 4062 603 4140 consequatur.

223 4160 511 4221 Postoommonio.
571 4158 651 4220 Haec
689 4176 750 4218 nos
787 4156 985 4230 communio,
1023 4155 1175 4232 Domine,
1209 4164 1340 4242 purget>

178 4283 198 4322 a
228 4257 373 4332 crimina
401 4264 435 4320 et
466 4258 608 4323 coelestis
638 4258 775 4321 remedii
803 4257 907 4321 faciat
938 4279 1010 4321 esse
1041 4263 1225 4322 consortes.
1271 4261 1332 4323 Per

179 4361 365 4425 Dominum.
