2940 4996
221 412 285 476 216
623 415 844 477 Consecrata'o
859 413 975 495 Rapis.

220 639 280 702 per
290 624 453 701 tempora,
464 625 502 682 ut
518 618 552 680 in
569 619 686 683 diebus
698 618 772 701 ejus
783 618 912 682 oriatur
923 615 1078 700 justitia3
1101 615 1182 678 inte
1198 614 1374 677 robustum

219 728 334 786 teneat
348 722 522 805 regiminis
539 721 670 796 solium,
687 728 721 786 et
737 743 811 785 cum
824 720 1033 804 jocunditate
1050 723 1085 783 et
1098 717 1236 802 justitia
1251 722 1375 780 aeterno

219 824 382 908 glorietur
397 824 432 888 in
446 846 563 909 regno.
607 826 671 888 Per
687 824 878 887 Dominum.

265 929 357 993 Dens
383 930 572 1004 ineffabilis,
596 934 714 993 auctor
739 929 865 1004 mundi,
891 928 1043 992 conditor
1067 924 1203 1010 generis
1227 922 1377 999 humani,

221 1034 427 1116 gubernator
452 1032 593 1116 imperii,
618 1031 833 1096 confirmator
858 1030 966 1115 regni,
991 1029 1048 1113 qui
1075 1051 1117 1092 ex
1143 1034 1241 1093 utero
1267 1026 1376 1090 fidelis

223 1135 319 1198 amici
336 1136 386 1198 tui
402 1135 602 1218 patriarcha
618 1134 726 1199 nostri
742 1135 883 1199 Abrahae
898 1132 1101 1218 praeelegisti
1117 1153 1231 1216 regem
1248 1129 1379 1194 saeculis

222 1238 453 1322 profuturum
475 1243 513 1301 tn
529 1241 726 1322 praesentem
742 1258 856 1321 regem
872 1238 960 1301 hunc
976 1256 1052 1299 cum
1068 1236 1218 1299 exercitu
1235 1255 1296 1298 suo
1320 1253 1379 1318 per

222 1341 496 1405 intercessionem
523 1342 671 1405 omnium
695 1347 887 1405 sanctorum
914 1339 1008 1403 uberi
1031 1339 1263 1404 benedictione
1290 1337 1381 1400 locu-

222 1444 324 1528 pleta,
348 1450 383 1507 et
409 1445 443 1507 in
471 1444 590 1508 solium
618 1444 714 1529 regni
740 1445 836 1509 firma
863 1444 1050 1508 stabilitate
1077 1447 1256 1516 connecte;
1279 1439 1381 1504 visita

221 1569 305 1622 enm,
324 1548 411 1611 siout
434 1548 573 1631 Moysen
590 1547 626 1610 in
642 1549 736 1624 rubo,
752 1546 772 1610 J
777 1568 869 1611 esum
886 1547 982 1611 Nave
998 1547 1033 1609 in
1049 1547 1175 1629 praelio,
1191 1545 1329 1610 Gedeon
1346 1545 1377 1606 in

223 1672 316 1735 agro,
335 1651 521 1714 Samuelem
545 1651 579 1713 in
602 1651 738 1734 templo,
756 1656 789 1715 et
811 1650 873 1714 illa
895 1672 972 1714 eum
994 1650 1224 1714 benedictione
1248 1649 1381 1712 siderea

222 1774 261 1816 ac
295 1752 464 1835 sapientiae
498 1758 563 1816 tuae
596 1774 673 1816 rore
708 1753 881 1837 perfunde,
912 1774 1011 1836 quam
1045 1754 1166 1817 beatus
1198 1751 1312 1815 David
1346 1751 1378 1814 in

223 1855 394 1940 psalterio,
423 1857 579 1920 Salomon
609 1856 699 1919 filius
729 1857 816 1939 ejus,
846 1862 880 1920 te
909 1861 1156 1932 remunerante,
1181 1855 1335 1940 percepit
1362 1876 1380 1917 e

224 1958 324 2033 coelo3
349 1958 396 2022 sis
412 1959 443 2022 ei
456 1964 573 2023 eontra
588 1959 677 2022 acies
689 1959 897 2023 inimicorum
913 1958 1035 2034 loriea;
1060 1959 1094 2022 in
1106 1958 1258 2023 adversis
1274 1956 1380 2042 galea,

225 2063 259 2124 in
283 2062 452 2146 prosperis
480 2062 656 2147 patientia,
679 2062 713 2125 in
736 2063 944 2147 protectione
971 2063 1108 2147 clypeus
1134 2063 1379 2146 sempiternus;

226 2171 261 2229 et
283 2172 415 2250 praesta,
432 2171 471 2229 ut
485 2171 605 2250 gentes
627 2165 676 2227 illi
700 2170 840 2230 teneant
862 2166 969 2240 fidem,
986 2186 1142 2250 proceres
1166 2165 1219 2230 sui
1235 2167 1382 2230 habeant

226 2288 352 2351 pacem,
363 2267 505 2353 diligant
515 2269 699 2343 caritatem,
712 2269 904 2332 abstineant
916 2289 951 2333 se
962 2291 984 2334 a
995 2269 1187 2352 cupiditate,
1200 2268 1382 2352 loquantur

224 2371 404 2452 justitiam,
427 2370 617 2435 custodiant
640 2371 836 2447 veritatem3
861 2377 896 2435 et
917 2373 966 2435 ita
986 2371 1129 2456 populus
1147 2372 1214 2435 iste
1237 2371 1382 2455 pullulet

227 2474 371 2538 coalitus
388 2475 616 2538 benedictione
633 2475 842 2552 aeternitatis,
859 2481 898 2541 ut
920 2496 1053 2561 semper
1067 2482 1229 2540 maneant
1242 2475 1382 2560 tripudi-

227 2581 324 2640 antes
341 2577 375 2638 in
390 2598 471 2661 pace
489 2577 643 2641 victores.
688 2577 763 2640 Per.

267 2696 348 2753 Tana
362 2696 473 2753 demam
488 2698 523 2753 ab
537 2697 663 2773 episcopo
678 2697 893 2774 metropolitano
911 2705 1079 2774 anpaaataa·
1089 2699 1148 2756 sibl
1160 2717 1266 2756 maaca
1279 2698 1314 2756 de
1326 2698 1381 2756 oleo

227 2792 411 2866 sanctificato.

269 2888 475 2971 Unguantnr
501 2909 619 2950 manus
646 2888 718 2951 istae
744 2888 785 2951 de
817 2889 891 2952 oleo
924 2891 1142 2966 sanctificato,
1169 2891 1259 2954 unde
1290 2890 1381 2954 uncti

228 2991 366 3053 fuerunt
388 3011 486 3074 reges
511 2996 545 3053 ct
567 2991 747 3075 prophetae,
769 2998 805 3055 et
828 2992 916 3056 sicut
938 2995 1035 3056 unxit
1057 2992 1193 3056 Samuel
1211 2993 1323 3058 David
1349 2993 1383 3056 in

228 3114 363 3176 regem3
388 3099 426 3156 ut
449 3093 496 3155 sis
519 3093 724 3157 constitutus
745 3114 804 3156 rex
821 3094 856 3157 in
880 3115 984 3179 regno
1007 3096 1073 3158 isto
1098 3116 1199 3179 super
1221 3096 1382 3181 populum

228 3197 341 3270 istum,
358 3217 455 3278 quem
478 3196 641 3258 Dominus
663 3195 755 3259 Deus
776 3201 857 3260 tuus
879 3197 972 3261 dedit
993 3197 1055 3261 tibi
1078 3198 1118 3262 ad
1142 3199 1327 3283 regendum
1350 3204 1383 3263 et

229 3298 490 3382 gubernandum.
537 3297 629 3380 Quod
652 3299 724 3383 ipse
747 3306 907 3383 praestare
930 3300 1088 3384 dignetur
1109 3301 1167 3384 qui
1191 3322 1266 3364 cum
1283 3301 1384 3366 Patre

231 3409 265 3466 et
283 3402 412 3485 Spiritu
429 3401 552 3465 Sancto
568 3401 661 3465 vivit.

272 3505 440 3589 Prospice,
469 3505 678 3589 omnipotens
709 3504 810 3581 Deus,
837 3507 966 3571 serenis
996 3507 1169 3571 obtutibus
1196 3509 1286 3573 hunc
1315 3508 1386 3594 glo-

230 3608 355 3670 riosum
368 3628 482 3692 regem
495 3608 539 3671 N.
552 3613 586 3670 et
600 3608 687 3671 sicut
698 3608 899 3672 benedixisti
912 3599 1091 3686 Abraham,
1105 3610 1212 3687 Isaac,
1224 3617 1261 3675 et
1270 3611 1387 3687 Jacob,

231 3713 278 3774 sic
301 3710 396 3773 illum
419 3710 525 3795 largis
547 3711 835 3776 benedictionibus
859 3712 1047 3796 spiritualis
1067 3713 1183 3798 gratiae
1199 3734 1275 3778 cum
1298 3715 1388 3779 omni

231 3814 438 3898 plenitudine
453 3819 513 3877 tna
537 3814 689 3897 potentia
711 3815 854 3900 irrigare
877 3821 978 3898 atque
1002 3816 1202 3900 perfundere
1224 3816 1387 3902 dignam

230 3918 340 3980 tribue
371 3918 412 3992 ei,
443 3917 593 3994 Domine,
625 3917 666 3979 de
697 3938 773 3980 rore
804 3919 876 3982 coeli
908 3924 943 3983 et
972 3920 1012 3982 de
1043 3919 1248 4004 pinguedine
1279 3927 1387 3997 terrae,

232 4019 469 4083 abundantiam
504 4020 676 4096 frumenti,
710 4019 791 4095 vini,
826 4025 861 4085 et
894 4021 971 4098 olei,
1006 4031 1041 4086 et
1074 4022 1221 4086 omnium
1253 4023 1388 4108 frugum

233 4121 437 4204 opulentiam
463 4143 504 4184 ex
529 4121 688 4208 largitate
713 4123 816 4186 divini
841 4125 989 4188 muneris
1014 4125 1117 4210 longa
1140 4145 1202 4209 per
1225 4131 1387 4210 tempora,

231 4231 268 4288 ut
281 4224 340 4287 illo
353 4229 514 4309 regnante
532 4225 577 4289 sit
586 4246 759 4309 corporum
776 4227 903 4291 sanitas
919 4227 951 4288 in
969 4228 1090 4312 patria,
1101 4234 1210 4312 etpar
1225 4228 1388 4293 inviolata

232 4330 277 4393 sit
307 4329 341 4391 in
372 4350 485 4414 regno,
517 4335 552 4394 ct
581 4330 729 4413 dignitas
759 4329 908 4415 gloriosa
937 4331 1065 4416 regalis
1093 4330 1214 4416 palatii
1244 4333 1387 4398 maximo
