2940 4996
191 767 245 828 est
268 762 489 832 Do-mi-nus
519 769 729 834 odo-rem
760 767 1102 834 su-a-vi-tn-iis
1132 771 1168 832 et
1197 755 1355 832 be·ne'-

192 950 502 1065 Ἦ

197 1086 355 1157 di-·xit
392 1093 468 1157 e-i.

405 1263 1278 1398 Q

236 1419 406 1486 Psatmas.
453 1423 597 1508 Magnus
622 1423 851 1490 Domi-nus.
896 1446 964 1489 eu
996 1446 1029 1490 oi
1061 1446 1084 1489 u
1128 1445 1150 1489 a
1193 1444 1223 1488 e.
1295 1475 1299 1480 .

232 1575 343 1634 Detrinc
357 1577 499 1655 episcopas
513 1599 532 1637 a
545 1579 660 1638 sinistro
673 1578 808 1638 orientali
820 1579 924 1656 anpnlo
937 1579 1054 1639 ecclesiae
1067 1578 1213 1653 decimans,
1227 1578 1354 1656 sinpnlas

193 1691 286 1728 cruces
298 1672 331 1729 de
344 1672 491 1731 chrismate
505 1675 536 1732 in
551 1675 673 1733 oirnnitn
686 1675 804 1733 ecciesiae
809 1674 905 1752 factos
918 1676 1047 1734 incenset.
1088 1673 1215 1734 Interim
1228 1681 1354 1734 oontetar

194 1763 250 1822 ime
264 1765 429 1842 antiphona,
445 1768 571 1828 Domine
585 1771 622 1828 ad
636 1777 665 1828 te
679 1769 832 1848 dirigatur,
846 1777 877 1829 nt
890 1790 990 1848 snpra.

237 1857 318 1917 Tana
338 1861 432 1933 lenita,
445 1871 555 1940 sarripto
574 1864 716 1922 tienribnlo
735 1864 772 1922 de
791 1864 903 1922 ecclesia
920 1865 1027 1940 (oenoe,
1040 1862 1220 1922 candelabris
1233 1870 1259 1920 et
1280 1869 1353 1920 tenta

191 1955 425 2032 praecedentibus)
446 1977 509 2015 cam
528 1967 612 2035 porte
636 1959 705 2017 cieri
724 1967 811 2029 eaeat,
827 1966 852 2016 et
871 1959 1019 2017 duodecim
1038 1977 1162 2016 cremesa
1183 1957 1303 2034 pensate
1321 1957 1353 2014 in

194 2050 317 2107 circnitn
336 2051 453 2110 ecclesiae
466 2052 569 2131 dederis
583 2075 646 2112 cam
666 2055 816 2112 chrismate
835 2053 924 2121 factas
938 2054 1080 2124 incensct;
1098 2051 1220 2130 praesule
1239 2053 1355 2110 interim

194 2143 227 2201 in
253 2145 366 2204 ecclesia
391 2167 455 2206 cnm
482 2148 649 2224 quibasdam
678 2149 821 2219 residente,
847 2148 918 2208 clero
944 2147 1047 2226 deforis
1064 2147 1266 2225 praescriptam
1290 2166 1355 2206 mm

190 2239 303 2315 psalmo
316 2249 429 2300 canente
443 2241 637 2319 antiphonam.

235 2335 353 2394 Reverso
372 2337 501 2409 diacono,
517 2345 602 2396 canta
616 2338 713 2416 finito,
728 2338 872 2416 episcopas
892 2344 968 2396 stans
982 2343 1046 2396 ante
1066 2334 1167 2411 altare,
1181 2334 1261 2395 dieat
1281 2335 1353 2393 nanc

197 2430 361 2488 orationem.

239 2525 402 2589 Dominus
418 2526 598 2591 vobiscum.

240 2628 389 2693 Oremus.

238 2731 378 2796 Domine
394 2737 508 2797 sancte
524 2737 630 2818 pater,
646 2730 884 2810 aeteme'Deus‚
902 2733 958 2816 dc.

235 2843 266 2892 nt
279 2856 366 2912 snpra
379 2835 412 2893 in
426 2837 629 2894 coresooratione
643 2837 755 2896 altaris.

234 2929 368 3006 Sequitur
381 2931 473 2988 oratio
486 2931 607 2989 dicendo
620 2932 677 2989 siae
690 2931 819 3008 reliquiae
837 2928 981 3010 [suerint]
998 2930 1055 2990 siae
1069 2950 1133 2990 nort.

238 3024 454 3107 Majcstatem
470 3030 573 3102 tuam,
593 3025 744 3102 Domine,
761 3026 934 3088 humiliter
949 3025 1176 3110 imploramus,
1192 3027 1231 3090 ui
1246 3023 1355 3091 aliene

195 3129 257 3192 hoe
273 3148 373 3191 sncnee
389 3129 554 3192 unctionis
569 3128 725 3193 libamine
741 3128 783 3191 ad
799 3127 1008 3212 suscipiende
1022 3127 1136 3212 populi
1152 3127 1202 3192 tui
1217 3149 1357 3193 munera

194 3231 395 3307 institutum,
411 3235 564 3314 potenter
579 3225 812 3304 beneffldioere
828 3234 863 3293 et
879 3225 1127 3305 sunctifflfieare
1143 3229 1302 3314 digneris,
1318 3237 1353 3294 et

194 3334 279 3417 quod
307 3355 392 3397 nune
418 3354 439 3397 n
465 3332 559 3396 nobis
581 3332 725 3416 indignis
746 3332 807 3395 sub
833 3331 883 3395 tui
909 3331 1054 3395 nominis
1080 3332 1291 3396 invocatione
1316 3332 1351 3395 in

194 3437 317 3500 honore
330 3442 368 3502 ,et
378 3434 510 3499 nomine
527 3435 633 3498 sancti
648 3434 698 3497 tui
714 3434 758 3499 N.
775 3434 978 3499 sacrosancti
990 3434 1180 3500 chrismatis
1196 3434 1351 3500 unctione

193 3546 245 3604 ost
266 3539 459 3613 delibutum,
482 3537 613 3621 placeat
635 3537 717 3612 tibi;
741 3538 867 3620 hocque
894 3536 1001 3601 altune
1023 3538 1057 3600 in
1081 3544 1262 3623 conspectu
1285 3538 1352 3622 pie-

192 3641 273 3707 tatis
296 3645 360 3705 tuae
383 3643 516 3702 maneat
542 3637 576 3700 in
599 3642 807 3723 perpetuum,
830 3643 868 3703 ut
890 3639 1046 3722 quiequid
1071 3639 1229 3724 deinceps
1253 3661 1352 3726 super

191 3745 272 3807 iilud
289 3744 437 3807 oblatum
453 3746 660 3806 sacratumve
676 3741 788 3818 fuerit,
803 3742 940 3826 dignum
956 3742 1016 3806 tibi
1031 3742 1091 3807 fiat
1105 3742 1350 3820 holocaustum,

192 3850 291 3928 atque
322 3845 466 3908 omnium
493 3845 547 3908 hie
577 3844 787 3908 offerentium
819 3845 981 3909 sacrificia
1007 3866 1029 3910 n
1057 3849 1092 3910 te
1123 3844 1178 3929 pio
1208 3844 1351 3910 Domino

193 3946 263 4011 Deo
284 3948 424 4033 benigne
444 3948 677 4033 suscipientur,
701 3953 734 4013 et
755 3969 814 4032 per
838 3954 904 4032 [en]
929 3954 1138 4035 peecatorum
1159 3956 1351 4015 nostrorum

193 4058 227 4115 et
250 4071 363 4113 eorum
387 4050 520 4115 vincula
545 4051 771 4129 absolvantur,
794 4051 930 4116 maeulae
954 4052 1138 4129 deleantur,
1163 4053 1268 4118 venies
1292 4054 1352 4117 im-

192 4157 374 4238 petrentur,
405 4153 520 4237 grstiae
551 4154 789 4238 acquirantur3
828 4162 991 4239 quatenus
1022 4176 1089 4220 uno
1118 4176 1193 4219 oum
1225 4157 1352 4222 sanctis

193 4263 227 4319 et
257 4253 370 4317 electis
400 4256 467 4318 tuis
501 4257 602 4320 vitam
637 4257 806 4342 percipere
837 4279 1022 4324 mereamur
1058 4264 1226 4323 oeternum.
1287 4259 1352 4325 Per

191 4356 377 4422 Dominum.
