2940 4996
550 401 752 464 Benedictio
768 385 929 463 Abductis.

384 744 498 808 ITEM
522 743 584 807 AD
606 744 869 810 VELANDAM
892 743 1093 808 VIDUAM.

208 912 403 991 consolare,
435 915 588 992 Domine,
619 918 707 980 hanc
740 917 903 981 famulam
933 923 1027 980 tuam
1056 914 1110 980 ill.
1145 911 1321 978 viduitatis

160 1039 298 1082 moerore
315 1021 540 1095 constrictam,
560 1022 648 1084 siout
670 1021 837 1086 consolari
860 1021 1019 1106 dignatus
1035 1040 1072 1083 es
1096 1018 1319 1102 Sareptenam

165 1122 299 1185 viduam
316 1144 375 1205 per
390 1123 500 1187 Eliam
516 1125 714 1207 prophetam
729 1148 737 1200 ;
761 1124 905 1188 concede
928 1125 958 1189 ei
974 1123 1142 1208 pudicitiae
1165 1122 1322 1194 fructum,

164 1230 203 1288 ut
230 1226 444 1309 antiquarum
475 1248 542 1289 non
572 1227 765 1291 meminerit
794 1227 1027 1312 voluptatum:
1057 1225 1190 1289 nesciat
1220 1223 1320 1287 etiam

163 1328 334 1392 incentiva
350 1329 526 1404 desideria,
543 1334 579 1393 ut
605 1329 668 1392 soli
684 1330 747 1394 tibi
767 1331 890 1394 subdat
911 1328 1082 1417 proprium
1106 1327 1241 1401 collum,
1257 1345 1321 1409 quo

161 1433 270 1514 possit
293 1453 353 1516 pro
378 1432 548 1496 laboribus
571 1434 677 1497 tantis
703 1435 949 1519 sexagesimum
973 1453 1115 1518 granum
1138 1430 1319 1516 percipere,

163 1556 284 1598 munus
301 1534 500 1600 delectabile
517 1535 722 1600 sanctitatis.
768 1537 842 1600 Per.

204 1639 291 1694 Alio.

207 1733 311 1808 Deus,
335 1733 505 1797 castitatis
531 1737 664 1798 amator
687 1738 721 1798 et
751 1734 965 1798 continentiae
989 1736 1219 1806 conservator,
1244 1749 1317 1812 sup·

161 1836 375 1923 plicationem
392 1841 542 1899 nostram
559 1835 725 1919 benignus
742 1836 873 1912 exaudi,
891 1842 926 1899 et
941 1837 1027 1900 hanc
1041 1833 1203 1898 famulam
1226 1837 1314 1896 tuam

158 1939 209 2001 ill.
228 1938 394 2021 propitius
411 1940 605 2012 latuerant
621 1959 691 2021 quae
704 1959 764 2022 pro
781 1939 902 2002 timore
919 1947 977 2002 tuo
993 1936 1208 2001 continentiae
1224 1933 1315 2020 pudi-

157 2043 271 2105 citiam
284 2042 385 2116 vovit,
400 2046 457 2104 tuo
473 2040 599 2105 auxilio
616 2047 845 2118 conservetur,
858 2047 897 2105 ut
909 2041 1155 2125 sexagesimum
1172 2039 1314 2102 fructum

162 2143 374 2208 continentia
392 2150 426 2207 et
442 2143 545 2206 vitam
559 2146 726 2220 aeteruum,
742 2148 776 2207 te
792 2143 970 2229 largiente,
987 2143 1160 2228 percipiat.
1205 2141 1280 2205 Per.

274 2332 440 2396 ORATIO
466 2332 526 2395 AD
549 2332 767 2397 ABBATEM
791 2333 882 2396 VEL
904 2331 1195 2397 ABBATISSAM

600 2435 884 2501 FACIENDAM.

201 2624 363 2699 Concede,
387 2643 588 2707 quaesumus,
612 2625 825 2708 omnipotens
848 2625 949 2701 Deus,
974 2630 1012 2689 ut
1034 2623 1197 2689 famulum
1221 2629 1311 2688 tuum

157 2729 256 2791 illum
272 2727 326 2790 vel
340 2726 439 2789 illam
456 2746 554 2808 quem
578 2728 618 2789 ad
635 2728 785 2812 regimen
802 2728 987 2792 animarum
1010 2727 1184 2813 elegimus,
1201 2729 1311 2813 gratie

157 2836 222 2892 tuae
245 2829 330 2890 dono
354 2828 581 2911 prosequaris,
607 2833 643 2892 ut
666 2835 699 2892 te
720 2829 899 2914 largiente,
924 2851 997 2895 cum
1018 2831 1094 2915 ipsa
1117 2830 1179 2894 tibi
1200 2836 1312 2895 nostra

160 2931 325 2995 electione
342 2932 546 3014 placeamus.
593 2932 668 2994 Per.

199 3036 286 3092 Alia.

201 3132 304 3206 Deus,
321 3131 497 3193 institutor
513 3137 719 3207 cunctorum,
736 3132 792 3215 qui
809 3154 870 3217 per
886 3134 1026 3217 Moysen
1041 3133 1204 3198 famulum
1221 3139 1310 3197 tuum

158 3235 200 3298 ad
223 3234 459 3319 gubernandas
483 3232 644 3298 ecclesias
668 3237 865 3319 praepositos
888 3235 1089 3312 instituisti;
1113 3236 1175 3300 tibi
1198 3255 1310 3320 preces

159 3337 327 3422 supplices
358 3337 539 3413 lundimus‚
566 3343 666 3421 teque
697 3339 828 3403 devotis
857 3341 1027 3403 mentibus
1058 3361 1248 3416 exoramus,
1276 3346 1311 3401 ut

158 3444 245 3504 huuc
270 3441 432 3504 famulum
458 3448 552 3504 tuum
575 3442 675 3504 illum
699 3464 797 3525 quem
824 3444 898 3526 (vel
920 3445 1006 3508 hanc
1033 3443 1195 3508 famulam
1220 3453 1309 3507 tuam

158 3545 257 3607 illum
281 3544 396 3627 quam)
420 3545 517 3606 hodie
543 3543 662 3608 electio
686 3545 886 3609 famulorum
907 3552 1039 3610 tuorum
1064 3548 1221 3610 abbatem
1241 3544 1311 3629 (vel

155 3646 357 3711 famularum
373 3653 507 3711 tuarum
532 3647 754 3731 abbatissam)
771 3649 881 3711 ovium
897 3657 1032 3713 tuarum
1055 3670 1130 3713 esse
1152 3648 1308 3724 instituit,

153 3752 336 3814 clementer
358 3752 521 3834 respicias
532 3778 540 3830 ;
565 3752 703 3836 pietatis
719 3758 783 3814 tuae
801 3753 1030 3816 misericordia
1050 3752 1224 3828 illustres;
1249 3751 1309 3815 sic·

155 3875 218 3937 que
231 3859 328 3937 regat
341 3854 502 3930 subditos,
514 3856 611 3938 quasi
624 3856 873 3919 commendatos
883 3877 947 3918 non
959 3855 1123 3939 proprios,
1135 3860 1307 3937 quatenus,

156 3961 189 4017 te
213 3955 412 4038 opitulante,
429 3957 624 4040 apostolicis
643 3958 772 4041 jugiter
796 3958 959 4021 doctrinis
982 3958 1095 4032 fultos,
1113 3956 1214 4020 simul
1237 3977 1307 4019 cum

154 4058 238 4141 ipsis
269 4059 365 4122 laetus
396 4061 469 4142 (vel
500 4062 589 4144 laeta)
622 4067 736 4144 portas
766 4062 916 4144 paradisi
946 4063 1102 4136 introeat,
1132 4066 1246 4142 atque,
1278 4064 1308 4122 te

155 4161 310 4236 donante,
335 4171 504 4226 mereatur
527 4165 652 4239 audire,
678 4165 782 4250 Euge,
806 4166 891 4228 bone
915 4185 1011 4228 serve
1035 4169 1070 4226 et
1091 4162 1211 4237 fidelis,
1232 4163 1308 4246 quia

156 4281 255 4345 super
279 4286 385 4346 pauca
408 4266 502 4329 luisti
526 4266 644 4343 fidelis,
662 4289 763 4352 supra
786 4266 893 4331 multa
917 4275 950 4330 te
975 4266 1197 4340 constituam
1221 4265 1308 4328 iutra

153 4361 187 4422 in
204 4365 361 4447 gaudium
379 4368 501 4430 domini
519 4371 577 4432 tui.
625 4372 716 4453 Quod
733 4372 804 4454 ipse
820 4371 878 4433 &a
923 4387 927 4394 ’
