2940 4996
544 423 914 492 Dedicattallcctesia.
1272 413 1314 480 79

194 625 267 688 Hac
290 628 448 708 antiphona
471 629 590 689 diversis
615 631 682 690 locis
702 632 811 689 diverso
834 634 966 688 cantator
989 644 1041 683 nco
1053 646 1064 696 ,·
1090 623 1124 681 in
1146 617 1315 699 quibasdam

155 721 232 780 enim
246 723 379 784 laoisdna
392 725 434 783 aet
447 732 501 783 tres
514 725 612 783 clerici
624 733 726 784 stantes
740 725 780 783 aat
793 723 927 782 orientem
941 720 1016 780 versi
1028 716 1169 779 manneio
1182 716 1291 785 dicant,

198 817 253 882 Ab
269 817 398 884 oriente
413 825 516 906 portae
531 826 611 885 tres.

196 933 242 994 Et
254 938 381 996 carvaemi
393 938 434 997 ad
445 938 612 998 occidentem
625 946 740 1011 cantent,

202 1032 256 1095 Ab
272 1033 442 1098 occidente
457 1038 560 1118 portae
575 1036 656 1098 tres.

155 1135 336 1212 mnaeasiqne
350 1136 390 1194 ad
402 1136 563 1215 aquilonem
576 1135 685 1208 dicant,

202 1229 257 1294 Ab
272 1230 427 1315 aquilone
442 1237 545 1316 portae
560 1234 641 1296 tres.

157 1338 184 1389 ct
197 1334 324 1390 conversi
337 1333 376 1392 ad
389 1342 517 1392 nostram
530 1341 656 1406 coenant,

203 1428 259 1493 Ab
275 1433 390 1494 austro
405 1434 509 1513 portae
525 1435 606 1494 tres.

204 1532 301 1600 Quam
315 1533 501 1612 antiphonam
515 1534 604 1592 ateana
617 1531 762 1612 repetendo
775 1531 905 1591 decantat
918 1551 981 1591 ann
990 1530 1110 1609 psalma.

200 1626 241 1686 In
254 1628 325 1686 aliia
338 1650 401 1688 acro
421 1629 498 1703 tacis,
512 1629 562 1688 bac
577 1638 666 1706 spreta
685 1649 746 1703 aaa,
761 1637 832 1688 tatas
852 1629 941 1688 abacis
960 1628 1047 1687 sinant
1064 1625 1231 1706 praedictam
1245 1623 1319 1682 anti·

157 1721 285 1799 pitanam
298 1744 362 1782 caan
370 1725 483 1802 psalma
497 1725 636 1784 decantat.

185 1817 268 1888 ,Qua
282 1827 405 1892 coartata,
419 1818 498 1877 dicat
511 1820 664 1898 episcopua.

204 1912 369 1978 Dominus
384 1914 564 1979 vobiscum.
609 1915 760 1981 Oramus.

208 2021 338 2085 Oratio.
383 2019 485 2098 Deus,
501 2020 558 2105 qui
574 2021 608 2083 in
630 2021 857 2106 apostolorum
877 2024 1011 2086 tuorum
1034 2015 1322 2106 praedicationibus

160 2121 401 2210 ecclesiaetuae
431 2123 526 2208 regni
556 2122 701 2188 coelestis
730 2124 919 2210 ingressum
949 2121 1146 2209 praestitisti,
1172 2140 1320 2204 quosque

158 2225 274 2288 mundi
285 2223 463 2289 luminaria
475 2225 586 2291 uocari
598 2225 746 2302 voluisti,
758 2227 909 2303 concede,
921 2245 1119 2310 quaesumus,
1130 2228 1169 2287 ut
1179 2243 1318 2307 quorum

158 2328 284 2392 ducatu
299 2328 504 2413 ingredimur
525 2333 562 2395 et
582 2328 757 2414 splendore
780 2330 1017 2405 illuminamur,
1033 2349 1146 2392 eorum
1168 2327 1321 2413 precibus

159 2428 279 2512 adjuti,
294 2431 484 2514 majestatis
506 2433 572 2494 tuae
595 2431 767 2496 obtutibus
789 2432 857 2495 hac
879 2435 995 2496 nostra
1016 2431 1122 2495 officia
1142 2428 1321 2516 placabilia

158 2533 381 2616 perficiamus.
426 2534 492 2600 Per
506 2532 694 2599 Dominum.

201 2640 270 2700 Hac
283 2641 398 2719 expleto,
414 2650 539 2701 cantares
549 2642 653 2716 festiva
664 2642 808 2720 incipiant
821 2641 980 2702 introitura.

208 2737 383 2802 Terribilis
399 2742 453 2802 est
467 2736 560 2803 locus
576 2738 661 2803 iste:
684 2739 738 2802 hic
754 2738 871 2802 domus
885 2738 947 2802 Dei
964 2748 1027 2815 est,
1044 2738 1100 2820 §aa
1117 2746 1286 2821 utsupra.

208 2840 314 2925 Kyrie
329 2839 476 2925 eleyson,
490 2862 620 2906 marana
632 2850 846 2923 percantent,
861 2851 894 2906 at
909 2850 1043 2906 caetera.

211 2943 343 3008 Oratio.
388 2942 491 3021 Deus,
503 2944 559 3027 qui
574 2943 788 3008 invisibiliter
799 2944 911 3008 omnia
925 2928 1075 3008 contines
1090 2946 1248 3008 ettamen
1263 2964 1323 3027 pro

164 3045 276 3111 salute
291 3045 425 3132 generis
446 3046 584 3110 humani
607 3046 704 3132 signa
719 3051 784 3111 tuae
799 3046 955 3130 potentiae
974 3045 1151 3110 visibiliter
1166 3045 1324 3121 ostendis,

164 3148 328 3233 templum
352 3147 414 3213 hoc
435 3148 586 3234 potentia
608 3155 672 3214 tuae
699 3149 952 3214 inhabitationis
974 3148 1125 3226 illustra3
1149 3153 1187 3213 ut
1211 3168 1326 3213 omnes

165 3252 223 3336 qui
239 3253 304 3315 huc
319 3251 530 3335 deprecaturi
545 3251 755 3328 conveniunt,
771 3273 811 3314 ex
827 3247 1032 3336 quacumque
1047 3250 1262 3316 tribulatione
1284 3251 1326 3316 ad

165 3363 201 3418 te
217 3353 438 3419 clamaverint
457 3353 695 3418 consolationis
711 3358 774 3418 tuce
789 3353 950 3419 beneficia
964 3358 1219 3438 consequantur.
1265 3354 1329 3418 Per

167 3456 357 3522 Dominum.

212 3557 386 3640 Epistola.
432 3557 471 3622 In
495 3556 612 3623 diebus
637 3556 717 3636 illis,
740 3558 818 3623 Vidi
843 3559 1012 3626 civitatem
1037 3563 1185 3626 sanctam
1205 3559 1327 3625 Hieru-

169 3661 287 3728 salem.

215 3759 380 3829 (tradate.
425 3761 535 3829 Locus
549 3763 614 3828 iste
631 3763 737 3829 aDeo
752 3763 871 3829 factus.

220 3869 259 3931 V.
304 3865 406 3944 Deus,
423 3867 476 3932 cui
490 3871 590 3932 astat.

214 3969 380 4054 Alleluya.
432 3971 470 4034 V.
516 3970 670 4035 Adorabo
686 3969 727 4035 ad
743 3969 914 4056 templum.

170 4075 224 4141 vet
251 4074 404 4139 Tractus.
465 4072 615 4138 Laudate
637 4072 815 4137 Dominum
843 4094 956 4139 omnes
979 4079 1108 4160 gentes,
1131 4078 1162 4142 ct
1185 4081 1330 4144 eaencrtt

171 4181 262 4242 inter
276 4179 569 4260 Septaapesimarn
585 4185 616 4241 et
630 4176 782 4242 Pacata.

216 4280 408 4344 Secundam
421 4278 560 4343 Lucam.
606 4278 644 4342 In
659 4277 716 4342 illo
727 4285 885 4365 tempore,
896 4280 1064 4366 Egressus
1076 4282 1329 4366 perambulabat

175 4381 347 4458 Hiericho,
363 4391 397 4446 et
412 4391 544 4446 catera.
