2940 4996
515 407 719 473 Benedictio
738 409 934 490 Campana.

445 812 728 883 BENEDIGTIO
745 814 990 888 OAMPANAE.

173 1017 225 1077 Ad
237 1017 360 1094 signum,
374 1017 408 1075 id
421 1026 467 1090 est,
483 1038 665 1095 componam,
678 1017 797 1077 eeclesiae
812 1019 1036 1092 benedicendam,
1042 1021 1173 1098 primum
1187 1024 1298 1088 litania

131 1122 266 1188 opantur,
282 1121 306 1172 et
315 1121 525 1191 prosequantur
538 1134 624 1190 usqrse
644 1113 683 1171 ad
702 1133 811 1171 ausum
829 1114 881 1190 qui
889 1135 944 1193 pra
957 1115 1078 1178 domiuo
1091 1117 1217 1197 episcopo
1230 1141 1296 1189 con·

130 1214 219 1266 tatur.
258 1196 349 1266 ¹Tunc
361 1207 440 1266 dicat
453 1207 606 1286 episcopus.

178 1302 228 1369 Ut
243 1323 441 1388 campanam
457 1303 559 1367 istam
575 1302 810 1386 beneffldioere
826 1301 984 1389 digneris.

131 1413 163 1471 ut
177 1426 276 1487 supra,
291 1406 325 1467 in
341 1405 553 1466 Consecratione
566 1405 681 1465 Altaria
695 1404 833 1482 Majoris.

173 1501 288 1559 Deinde
301 1501 426 1578 incipiat
439 1501 583 1578 epiecopus
596 1508 638 1558 ter

175 1594 278 1672 Deus,
294 1595 329 1658 in
345 1595 548 1678 adjutorium
564 1615 674 1658 meum
690 1593 837 1657 intende.

128 1719 205 1762 oum
221 1696 338 1762 Gloria
353 1697 448 1761 Patri
464 1699 592 1778 absque
608 1694 778 1779 Alleluya,
788 1698 957 1780 flectendo
969 1720 1092 1784 penna.

174 1797 316 1877 Sequatur
328 1798 496 1856 exorcismus
512 1799 586 1856 >solis
600 1805 625 1856 et
638 1817 732 1874 oquoe,
745 1805 777 1855 ut
790 1819 877 1876 supro
898 1800 931 1857 in
951 1799 1163 1862 Consecratione
1177 1804 1294 1870 Altaria

129 1895 334 1970 Maiorianum
348 1893 490 1952 Ecclesia.
1250 1945 1253 1951 .

172 1986 288 2047 Deinde
301 2007 378 2066 aqua
398 1986 541 2044 anesten
561 1996 690 2064 asperpat
704 1988 847 2067 episcopus
866 1988 965 2066 septies
984 2009 1164 2066 campanam,
1179 1993 1222 2056 uel
1241 2003 1291 2063 ter,

124 2103 192 2142 oum
206 2083 322 2161 lsyssopo
335 2084 369 2139 in
388 2081 512 2141 circuitu
532 2089 557 2138 et
577 2080 703 2161 desuper,
720 2082 846 2142 cauenda
865 2082 987 2159 siupulis
1000 2083 1107 2142 uicibus
1127 2085 1199 2145 tanc
1213 2089 1289 2145 anti·

125 2179 265 2258 pitanam.

174 2277 347 2361 Asperges
362 2295 426 2338 me.

174 2378 234 2441 Ps.
279 2377 442 2441 Miserere
458 2376 523 2439 mei
539 2375 642 2439 Deus.

172 2479 215 2539 Et
230 2481 339 2538 lavetur
351 2480 446 2557 primo
460 2480 524 2537 bene
537 2479 615 2536 intus
629 2486 653 2536 et
667 2487 755 2537 satra.

170 2573 330 2651 Hocfacta
346 2581 479 2650 sequatur
492 2573 584 2631 oratio
598 2571 637 2629 ad
650 2593 831 2651 campanam.

193 2669 388 2756 Beneffidia
422 2666 575 2743 Domine,
609 2668 673 2731 hoa
711 2668 973 2732 tintinnabulum
1010 2669 1134 2734 coelesti
1170 2674 1294 2760 hemel<

125 2772 287 2847 dictione,
303 2776 338 2834 et
353 2769 494 2834 assistat
516 2780 617 2854 super
631 2769 714 2832 illud
730 2770 839 2833 virtus
863 2769 1009 2854 Spiritus
1026 2771 1149 2851 Sancti,
1166 2783 1204 2840 ut
1218 2799 1291 2842 cum

125 2876 194 2940 hoa
210 2873 382 2938 vasculum
399 2872 441 2937 ad
463 2871 654 2935 invitandos
675 2870 763 2935 filios
784 2872 931 2936 ecclesias
954 2881 1168 2956 personatum
1192 2880 1296 2948 suerit

126 2977 186 3041 vel
209 2977 372 3052 auditum,
387 2974 576 3057 ubicunque
600 2975 750 3038 sonuerit
773 2975 846 3058 ejus
869 2976 1021 3052 tinnitus,
1039 2976 1137 3064 longo
1159 2985 1294 3050 recedat

126 3080 242 3144 virtus
264 3079 482 3153 inimieorum,
499 3078 617 3141 umbra
640 3080 921 3161 phantasmatum,
943 3078 1089 3144 incursio
1112 3085 1293 3166 turbinum,

127 3182 306 3269 percussio
320 3180 509 3256 fulminum,
525 3179 617 3243 loesio
633 3180 829 3256 tonitruum,
844 3180 1019 3246 calamitas
1042 3188 1291 3269 tempestatum,

127 3286 307 3371 omnisque
324 3284 462 3369 spiritus
480 3281 721 3368 procellarum3
745 3288 780 3345 et
796 3303 868 3346 oum
884 3283 1074 3368 clangorem
1090 3287 1184 3351 illius
1200 3292 1292 3354 audi-

126 3390 221 3454 erint
235 3388 295 3451 lllii
313 3386 593 3461 Christianorum,
607 3391 737 3448 crescat
752 3385 785 3448 ln
803 3386 852 3449 eis
867 3386 1055 3450 devotionis
1068 3399 1295 3473 augmentum,

125 3499 169 3557 ut
184 3492 386 3557 festinantes
410 3491 452 3555 ad
475 3490 536 3575 pise
560 3489 682 3553 matris
698 3490 873 3574 gremium,
891 3496 1028 3554 cantent
1050 3492 1110 3556 tibi
1128 3497 1293 3563 canticum

124 3617 250 3662 novum
272 3594 308 3658 in
331 3592 473 3658 ecclesia
497 3595 700 3667 sanctorum,
724 3591 914 3656 deferentes
939 3593 973 3654 in
998 3613 1078 3656 sono
1101 3596 1188 3661 tubae
1211 3620 1291 3684 prae.

123 3698 269 3773 eonium,
300 3694 561 3759 modulationem
601 3713 662 3778 per
698 3691 907 3777 psalterium,
940 3695 1196 3763 exsultationem
1231 3725 1292 3788 per

126 3819 303 3885 organum,
327 3796 527 3861 suavitatem
551 3815 612 3879 per
635 3800 840 3879 tympanum,
859 3797 1099 3880 jocunditatem
1123 3823 1184 3887 per
1206 3826 1293 3890 epm.

123 3903 252 3977 balum,
276 3905 442 3984 quatenus
469 3896 595 3961 imitari
623 3896 762 3961 valeant
784 3897 818 3961 in
845 3898 969 3982 templo
995 3908 1111 3965 sancto
1138 3911 1196 3970 tuo
1223 3910 1292 3973 suis

124 4004 297 4090 obsequiis
320 4009 356 4067 et
378 4001 534 4088 precibus
560 4001 742 4064 exercitum
768 4001 974 4086 angelorum.
1019 4004 1083 4068 Per
1105 4006 1283 4077 Dominum

119 4110 161 4177 In
180 4110 310 4171 unitate
328 4104 488 4188 ejusdem.

160 4209 232 4269 Post
246 4210 311 4279 toeo,
326 4214 475 4265 cantentur
489 4204 520 4262 tu·
533 4226 579 4263 sen
589 4206 706 4284 psalmi.

161 4304 290 4379 Lauda,
307 4301 421 4368 anima
437 4322 522 4376 mea,
539 4301 730 4364 Dominum.
1114 4310 1171 4388 {Ps
1189 4315 1272 4378 exlv.
