2940 4996
200 414 263 476 112
460 418 677 482 Consecrotio
692 419 820 482 altoris
836 421 908 484 sine
924 421 1093 486 Ecclesia.

241 620 312 682 Pax
327 622 448 685 tecum.

240 722 285 784 Et
300 743 373 784 cum
390 723 510 807 spiritu
525 729 594 788 tuo.

234 823 275 880 Et
288 832 430 899 repetatur
440 846 493 901 pro
507 826 636 902 quolibet,
650 825 782 903 sipiares
795 835 869 887 suni.

235 918 357 976 Interim
371 927 480 977 cantent
494 921 590 977 clerici
603 921 798 998 arricplionam.

196 1048 1358 1182 Q}

238 1206 388 1269 Ere-xit
401 1206 522 1270 Jacob
538 1206 714 1291 lapi-dem
729 1207 763 1270 in
779 1207 945 1272 ti-tu-lum
967 1209 1111 1276 fundens
1126 1232 1146 1275 ο
1163 1249 1177 1260 -
1192 1249 1205 1262 -
1222 1210 1254 1274 le
1272 1249 1285 1260 ·
1301 1233 1359 1274 um

195 1370 418 1483 ΠΙ]

196 1514 378 1598 ‹re-aper.

616 1664 908 1780 ᾖ

236 1808 280 1870 In
297 1817 442 1888 tempore
459 1808 636 1884 Paschali,
651 1807 851 1894 allelu-yn.

333 1943 688 2073 Q

237 2103 308 2166 Pa..
344 2102 449 2185 Quam
464 2103 498 2166 di
513 2141 527 2150 -
542 2102 653 2166 lec-ta.

239 2229 313 2270 cam
328 2206 444 2270 Gloria
460 2207 551 2270 Patri
567 2216 599 2270 ci
614 2209 687 2270 sinc
703 2207 854 2270 Oremus.

237 2310 356 2384 Deum,
368 2309 598 2372 universitatis
611 2309 773 2376 artificem
785 2315 820 2374 et
830 2311 998 2376 immensa
1010 2311 1110 2377 molis
1121 2313 1355 2380 admirabilem

194 2413 408 2488 conditorem,
432 2412 557 2476 fratres
587 2413 761 2488 carissimi,
792 2414 928 2478 vocibus
958 2414 1207 2481 exsultantibus
1237 2409 1355 2503 depre-

196 2537 318 2590 cemur,
334 2520 372 2577 ut
392 2514 449 2597 qui
463 2534 524 2597 per
545 2517 654 2577 totum
677 2514 835 2577 mundum
857 2515 956 2578 fidem
972 2517 1097 2601 sparsit
1120 2524 1155 2582 et
1177 2519 1356 2584 ecclesiam

195 2617 422 2701 congregavit,
433 2637 529 2698 quam
541 2613 626 2699 lapis
639 2617 771 2679 excisus
782 2616 853 2680 sine
865 2611 1018 2681 manibus
1027 2619 1182 2704 angulari
1193 2642 1355 2708 compage

196 2718 362 2795 solidavit,
385 2725 423 2782 ut
445 2716 618 2782 attolleret
639 2722 740 2802 caput
761 2718 795 2780 in
819 2717 945 2796 coelum,
962 2740 1033 2803 qua
1055 2720 1096 2784 de
1119 2721 1201 2785 coelo
1224 2725 1356 2808 accepit

193 2825 456 2896 fundamentum,
479 2822 586 2885 altare
608 2823 670 2885 hoo
697 2822 739 2885 ad
761 2823 996 2887 conficiendam
1023 2824 1057 2886 in
1081 2846 1120 2888 eo
1142 2826 1219 2890 vitae
1243 2847 1356 2894 sacra-

195 2931 307 2990 menta
322 2923 540 3008 compositum
552 2925 601 2988 ita
613 2924 768 2987 crismate
779 2924 899 2988 divinae
911 2926 1151 2991 benedictionis
1162 2920 1353 3012 perfundat,

193 3036 231 3095 ut
254 3051 353 3114 super
374 3029 458 3092 illud
484 3027 686 3092 adorandam
712 3026 790 3090 Filii
813 3029 865 3092 sui
887 3029 1032 3093 hostiam
1054 3031 1271 3112 benededicat
1292 3035 1354 3097 im·

193 3133 346 3217 positam,
362 3132 435 3216 ipse
458 3130 620 3215 suscipiat
642 3136 881 3194 consecratam.
927 3131 978 3196 Sit
999 3132 1053 3196 hic
1067 3133 1205 3199 victima
1226 3137 1352 3203 unitati

193 3236 388 3301 substantiae
411 3241 445 3298 et
466 3254 683 3319 personarum
705 3233 865 3296 Trinitati
887 3241 987 3318 grata
1009 3241 1044 3300 et
1062 3237 1292 3321 acceptabilis,
1308 3221 1355 3307 ⁷ut

192 3342 254 3403 hoc
266 3339 383 3413 altare,
396 3339 483 3420 quod
495 3357 555 3420 per
569 3335 814 3399 invocationem
830 3336 973 3400 nominis
986 3337 1037 3401 sui
1053 3339 1226 3404 inhonore
1242 3333 1355 3410 sancti

192 3445 236 3507 N.
258 3442 313 3526 pio
336 3440 527 3504 dedicamus
550 3438 666 3513 officio,
682 3438 860 3521 praesentia
883 3459 950 3502 suae
972 3440 1177 3506 visitationis
1201 3443 1355 3514 illustret

191 3550 225 3609 et
248 3543 507 3608 sanctificatione
530 3539 753 3618 beneffldicat,
770 3544 805 3603 et
826 3546 986 3624 perpetua
1007 3543 1250 3610 inhabitatione
1274 3570 1353 3632 pos·

193 3649 308 3712 sideat.
354 3646 416 3730 Qui
439 3664 526 3707 unus
548 3644 582 3705 in
606 3643 771 3706 Trinitate
786 3644 935 3725 perfecta
957 3644 1040 3710 vivit
1062 3651 1098 3710 et
1111 3655 1235 3732 regnat
1256 3649 1352 3718 Deus

191 3772 250 3835 per
265 3749 375 3813 omnia
392 3746 511 3812 saecula
527 3744 730 3810 saeculorum.
775 3746 893 3808 Amen.

231 3852 274 3908 Et
293 3872 399 3928 semper
411 3850 537 3909 sacerdos
552 3847 835 3926 praeparatassaciat
855 3849 998 3908 incensum
1007 3871 1061 3927 pes
1081 3851 1235 3912 circuitum
1247 3856 1354 3919 abacis

189 3947 275 4004 donec
296 3947 463 4003 consecratio
480 3946 616 4021 finiatur.
662 3941 853 4024 [Episcopus]
874 3965 938 4002 vero
958 3946 992 4003 de
1012 3946 1106 4004 eodem
1127 3947 1195 4021 oleo,
1217 3949 1276 4010 loco
1295 3973 1352 4030 pao

187 4041 281 4119 prius,
295 4039 427 4097 inchoata
441 4040 605 4118 antiphona,
620 4039 709 4097 Mane
724 4059 854 4118 surgons,
868 4047 977 4115 capaci
991 4040 1125 4118 lapidem,
1139 4043 1245 4104 dicens.

231 4131 468 4204 Consefficrare
479 4141 513 4199 et
525 4133 765 4206 sanctilsficare
775 4134 1081 4220 digne1·is,Domine
1090 4135 1195 4216 Deus,
1204 4140 1351 4226 lapidem

186 4239 289 4303 istum
312 4258 371 4320 per
392 4237 492 4300 istam
515 4239 704 4301 unctionem
728 4243 762 4302 et
784 4243 934 4302 nostram
959 4234 1265 4316 beneffldictiouem
1288 4268 1351 4331 per

188 4341 355 4404 Christum
372 4338 549 4402 Dominum
567 4348 726 4403 nostrum.
