2940 4996
133 774 203 838 anti
220 797 260 838 -ae
276 770 476 842 testi-miani
490 798 562 844 -um
582 781 773 858 ostendens,
789 781 823 846 in
847 781 982 848 Christo
997 783 1095 865 Jefsu
1117 783 1213 848 firma
1229 788 1264 847 et

107 939 1264 1022 W

107 1023 1262 1048 Ἢ

106 1064 269 1131 sta-bi-lis
289 1075 522 1153 perse-ve-ret,
537 1077 638 1156 atqua
654 1073 718 1139 i-ta
740 1080 934 1160 perceptum
957 1076 1152 1139 mi·niste-ri
1167 1113 1180 1125 ·
1196 1097 1262 1153 um,

105 1359 140 1419 ta
167 1356 286 1420 auxi-li
301 1395 315 1408 ·
331 1364 420 1437 ante,
446 1368 627 1447 per-agat,
654 1370 849 1448 qua-te-nus
875 1365 917 1429 ad
943 1369 1114 1429 aeternam
1139 1385 1262 1427 remu·

107 1509 1263 1531 ——-.-..--...-—-—.—

105 1659 246 1722 nera-ti
262 1694 275 1708 -
290 1680 412 1737 o-nem,
459 1665 493 1725 te
539 1662 710 1740 (lo-naute,
756 1664 960 1748 perveni-re
1007 1686 1113 1729 me-re
1130 1703 1144 1713 -
1159 1670 1260 1729 a-tur.

106 1764 281 1828 auhmiaae.
325 1765 390 1828 Per
413 1764 590 1830 Dominum
617 1775 770 1831 nostrum
796 1767 912 1832 Jesum
940 1767 1110 1833 Christum
1137 1768 1262 1831 Filium

104 1871 210 1940 tuum,
226 1865 283 1948 qui
303 1869 413 1930 tecum
433 1868 519 1933 vivit
534 1874 569 1934 et
591 1875 712 1954 regnat
733 1870 768 1933 in
792 1871 921 1935 unitate
942 1871 1090 1953 ejusdem
1114 1871 1261 1955 Spiritus

108 1966 233 2044 Sancti,
248 1967 350 2032 Deus.

150 2069 244 2133 Tunc
260 2071 318 2133 det
331 2070 511 2151 episcopua
526 2071 691 2155 rapulam,
707 2073 835 2138 diceus.

150 2172 273 2255 Accipe
298 2171 449 2255 regulam
477 2180 600 2239 sanctae
627 2175 901 2252 conversationis,
929 2173 1092 2257 simulque
1118 2176 1263 2260 gratiam

108 2274 227 2338 divinae
242 2271 534 2351 beneffldictionis,
551 2280 585 2339 et
600 2280 638 2339 ut
655 2277 825 2360 perhanc,
842 2298 915 2340 cum
931 2297 1034 2361 grege
1050 2277 1112 2340 tibi
1129 2277 1265 2352 credito,

107 2376 143 2438 in
169 2374 313 2439 districti
343 2375 396 2439 die
421 2376 540 2458 judicii
569 2376 712 2440 Domino
742 2377 1005 2441 incontaminata
1034 2379 1266 2461 repraesentari

108 2476 233 2554 valeas,
260 2477 331 2562 ipse
361 2482 395 2541 te
425 2477 583 2561 adjuvare
613 2479 779 2564 dignetur,
807 2481 863 2563 qui
893 2501 968 2544 cum
998 2479 1069 2543 Deo
1099 2481 1200 2544 Patre
1230 2480 1266 2542 in

107 2580 238 2644 unitate
255 2579 368 2644 Sancti
384 2579 529 2664 Spiritus
545 2581 636 2645 Deus
651 2582 736 2646 vivit
751 2588 786 2646 et
800 2586 930 2667 regnat,
946 2581 1133 2665 peremnia
1149 2581 1268 2647 saecula

110 2681 315 2746 saeculorum.
360 2683 478 2745 Amen.

154 2785 247 2848 Tunc
264 2785 431 2848 tractatui
448 2783 605 2849 baculum
621 2786 748 2848 diceus.

151 2883 274 2968 Accipe
303 2883 457 2948 baculum
487 2886 668 2970 pastoralis
693 2883 792 2949 officii
818 2903 916 2968 quem
943 2884 1100 2968 praeferas
1125 2889 1265 2950 catervae

107 2987 170 3053 tibi
196 2987 380 3051 commissae
409 2987 452 3050 ad
477 2987 666 3071 exemplum
691 2989 790 3070 justae
818 2986 1009 3051 severitatis
1039 2992 1075 3051 et
1103 2989 1164 3073 piae
1194 3008 1266 3051 cor·

109 3089 284 3174 reptionis.

153 3193 284 3257 Deinde
300 3192 440 3256 dicutur
458 3193 589 3258 Oratio.

155 3296 307 3361 Oramus.

166 3399 307 3464 Domine
337 3398 430 3463 Deus
459 3398 680 3483 omnipotens,
710 3399 767 3482 qui
799 3419 946 3463 sororem
980 3395 1091 3481 Moysi
1122 3395 1265 3460 Mariam

109 3505 312 3588 praeeuntem
334 3521 408 3564 cum
424 3501 544 3566 ceteris
567 3501 754 3586 virginibus
769 3501 858 3564 inter
878 3518 1048 3583 aequoreas
1072 3497 1178 3561 undas
1193 3518 1267 3561 cum

110 3603 278 3690 tympanis
305 3607 340 3667 et
366 3603 476 3667 choris
502 3603 614 3667 laetam
640 3605 682 3667 ud
709 3603 791 3667 litus
817 3603 920 3666 maris
947 3601 1061 3665 venire
1088 3600 1208 3676 fecisti,
1232 3606 1267 3664 te

110 3706 279 3792 supplices
301 3705 517 3790 deprecamur
539 3727 599 3790 pro
615 3705 705 3768 fideli
727 3704 853 3768 famula
874 3709 934 3768 tua
955 3704 999 3769 N.
1021 3724 1092 3786 quaa
1113 3702 1211 3765 hodie
1233 3703 1269 3765 in

108 3809 270 3875 cathedra
297 3812 449 3873 materna
479 3830 579 3892 super
609 3809 783 3872 universas
815 3806 966 3870 subditas
997 3806 1070 3882 sibi,
1097 3805 1270 3870 abbatissa

111 3910 339 3986 constituitur,
358 3915 396 3974 ut
418 3911 468 3974 ita
490 3911 648 3976 canonica
668 3931 784 3974 norma
805 3913 943 3973 tueatur
965 3912 1103 3972 cunctas
1124 3907 1270 3972 famulas

108 4020 197 4088 tuas,
214 4016 380 4096 quatenus
395 4011 437 4075 ad
460 4016 618 4075 aeternam
638 4011 790 4096 gloriam,
807 4014 840 4075 te
856 4009 1050 4085 auxiliante,
1068 4030 1141 4072 oum
1165 4009 1269 4072 omni-

108 4117 172 4179 bus
195 4114 265 4177 illis
288 4114 435 4179 introeat
456 4113 543 4189 lacta,
559 4114 672 4197 ibique
694 4113 869 4177 exsultans
893 4133 966 4176 cum
989 4112 1130 4197 angelis,
1147 4132 1269 4176 canens

106 4217 346 4292 canticauova,
358 4221 517 4299 sequatur
526 4237 649 4299 agnum
660 4235 864 4298 quocumque
876 4215 961 4290 ierit,
972 4213 1087 4278 Jeum
1098 4213 1269 4278 Christum

108 4319 286 4382 Dominum
304 4323 463 4382 nostrum.
511 4320 627 4381 Amen.

200 4421 261 4482 18*
