2940 4996
428 406 690 470 Benedictioaes
709 405 868 470 Diverso.

269 747 547 814 BENEDIOTIO
569 748 633 814 AD
655 749 835 816 FRUGES
858 751 1024 817 NOVAS.

106 936 261 1015 Domine,
279 944 396 1005 sancte
412 938 523 1015 Pater,
540 940 754 1024 omnipotens
770 944 895 1005 eterne
916 941 1020 1017 Deus,
1036 941 1092 1026 qut
1109 939 1228 1007 coelum

63 1045 98 1103 et
114 1045 253 1117 terram,
270 1062 361 1106 mare
378 1046 413 1105 et
433 1042 546 1106 omnia
561 1043 707 1119 creasti3
730 1048 765 1107 te
788 1042 957 1127 supplices
973 1065 1175 1127 quaesumus,
1191 1049 1230 1109 ut

62 1141 152 1204 hunc
177 1144 324 1208 fructum
348 1166 472 1208 novum
498 1145 696 1209 benedicere
720 1151 755 1210 et
781 1147 993 1212 sanctificare
1015 1146 1167 1232 digneris
1194 1152 1230 1211 et

61 1247 290 1333 multiplicare
312 1251 525 1315 abundanter
548 1254 772 1318 offerentibus
795 1255 868 1330 tibi,
893 1259 929 1319 et
949 1254 1092 1339 impleas
1114 1276 1227 1318 eorum

61 1352 203 1418 cellaria
226 1377 301 1418 cum
324 1355 524 1419 fortitudine
545 1355 709 1421 frumenti
732 1362 768 1421 et
789 1359 870 1435 vini,
886 1362 925 1423 ut
946 1357 1102 1422 laetantes
1118 1358 1153 1421 in
1177 1357 1227 1423 cis

61 1459 213 1523 referant
228 1459 290 1524 tibi
307 1460 379 1524 Deo
396 1460 618 1545 omnipotenti
635 1460 753 1526 laudes
769 1468 803 1526 et
819 1463 961 1547 gratias.
1006 1463 1082 1527 Per.

430 1649 707 1716 BENEDIOTIO
730 1652 846 1715 VINI.

103 1838 247 1904 Domine
273 1839 486 1925 omnipotens
513 1839 657 1917 Christe,
685 1842 741 1925 qui
768 1863 810 1904 ex
838 1842 986 1926 quinque
1018 1841 1163 1927 panibus
1190 1848 1226 1905 et

59 1943 191 2008 duobus
206 1943 356 2027 piscibus
372 1943 519 2027 quinque
542 1945 651 2010 millia
665 1945 839 2008 hominum
864 1947 1011 2020 satiasti,
1028 1945 1112 2009 etin
1130 1943 1225 2008 Cana

61 2045 207 2112 Galilaea
230 2069 271 2110 ex
293 2069 382 2130 aqua
398 2048 512 2110 vinum
528 2048 651 2124 fecisti,
667 2049 725 2131 qni
742 2069 779 2111 es
802 2048 883 2111 vitis
907 2069 1010 2123 vera3
1034 2046 1224 2131 multiplica

60 2173 163 2236 super
180 2172 294 2214 servos
311 2155 389 2214 tuos
411 2152 674 2216 misericordiam
691 2151 833 2234 pietatis
848 2156 925 2227 tuae,
941 2150 1221 2235 quemadmodum

58 2256 170 2319 fecisti
187 2275 262 2318 cum
279 2255 433 2339 patribus
456 2256 585 2319 nostris
600 2258 635 2318 in
651 2261 712 2320 tua
734 2255 965 2318 misericordia
985 2254 1222 2337 sperantibus:

56 2364 90 2423 et
103 2358 339 2438 beneffldicere
356 2366 391 2422 et
404 2359 655 2442 sanctifflficare
668 2358 819 2443 digneris
830 2359 918 2421 hanc
931 2365 1121 2421 creaturam
1137 2356 1221 2432 vini,

57 2484 159 2547 quam
170 2463 212 2526 ad
224 2463 449 2527 substantiam
461 2484 632 2527 servorum
645 2470 778 2527 tuorum
790 2462 941 2526 tribuisti
952 2485 959 2537 ;
984 2466 1022 2524 ut
1032 2460 1221 2542 ubicunque

59 2589 100 2630 ex
117 2569 180 2630 bac
197 2575 355 2630 creatura
378 2567 490 2630 fusum
507 2567 612 2630 fuerit
634 2567 687 2628 vel
705 2588 725 2631 a
746 2567 899 2652 quolibet
920 2569 1083 2650 potatum,
1100 2563 1221 2626 divina

58 2670 301 2734 benedictionis
317 2675 382 2733 tuae
406 2671 580 2753 opulentia
600 2670 784 2754 repleatur,
800 2675 840 2734 ut
861 2667 1107 2754 accipientibus
1123 2688 1163 2731 ex
1181 2687 1220 2729 eo

57 2794 133 2836 cum
163 2773 352 2856 gratiarum
385 2774 516 2837 actione
548 2773 777 2837 sanctificetur
806 2773 841 2835 in
876 2773 1063 2838 visceribus
1093 2790 1219 2833 eorum.

58 2877 212 2965 Quicum
230 2879 330 2941 Patre
348 2883 382 2941 et
399 2878 526 2961 Spiritu
545 2877 679 2941 Sancto.
