2940 4996
369 418 628 483 Benedictiones
644 420 681 480 in
702 420 923 496 Quotidianis
940 418 1079 482 Diebus.
1236 415 1299 481 357

196 587 272 645 Item
286 589 358 647 alia.

199 687 417 771 Omnipotens
432 690 526 782 Deus
542 692 614 755 dies
630 698 763 756 vestros
779 693 814 754 in
831 712 989 775 suapace
1005 691 1173 778 disponat,
1190 694 1225 752 et
1241 710 1306 752 suae

157 792 252 854 vobis
268 793 510 859 benedictionis
528 797 614 860 dona
631 797 799 860 concedat.
844 798 961 859 Amen.

199 898 250 959 Ab
267 899 421 963 omnibus
440 922 498 964 vos
510 901 821 986 perturbationibus
836 899 968 974 liberet,
982 905 1016 963 et
1031 903 1161 963 mentes
1178 906 1309 960 vestras
1397 973 1399 977 y

155 1001 190 1062 in
207 1021 274 1065 suaa
290 1004 383 1084 pacis
400 1005 649 1088 tranquillitate
665 1006 861 1069 consolidet.
907 1007 1024 1068 Arnen.

200 1105 371 1188 Quatenus
395 1109 480 1185 fidei,
499 1111 569 1193 spei
586 1117 619 1173 et
643 1109 795 1173 caritatis
818 1108 960 1193 gemmis
975 1107 1099 1183 ornati,
1115 1113 1148 1169 et
1163 1129 1306 1190 praesen-

157 1216 224 1272 tem
256 1210 359 1273 vitam
393 1215 592 1299 transigatis
623 1213 741 1288 inlaesi,
773 1221 808 1277 ct
838 1213 881 1276 ad
914 1219 1071 1277 aeternam
1102 1200 1306 1295 perveniatis

159 1314 281 1376 securi.
325 1318 441 1379 Amen.
1058 1307 1062 1316 ⁴

162 1408 165 1413 ’
203 1418 394 1502 Quodipse.
440 1426 556 1484 Amen.

204 1523 408 1586 Benedictio.
454 1528 570 1588 Amen.

200 1711 368 1771 Benedictio
381 1737 465 1792 super
478 1737 578 1791 repent,
593 1716 718 1773 dicenda
732 1725 853 1792 ternpore
866 1714 978 1792 synodi.

204 1810 385 1875 Benedicat
409 1813 469 1876 tibi
490 1813 665 1889 Dominus,
687 1814 946 1896 custodiensque
971 1817 1014 1888 te,
1037 1811 1125 1875 sicut
1148 1818 1182 1876 te
1207 1811 1315 1876 voluit

163 1934 263 1997 super
288 1917 446 2000 populum
475 1939 571 1981 suum
595 1919 800 1981 constituere
822 1938 947 2000 regem,
970 1917 1021 1980 ita
1044 1923 1078 1980 et
1101 1916 1134 1978 in
1157 1917 1313 2001 prasenti

164 2019 283 2083 saeculo
306 2020 448 2098 felicem,
466 2028 499 2085 ct
523 2029 653 2085 aeternae
672 2021 847 2085 felicitatis
871 2021 1000 2084 tribuat
1020 2041 1094 2084 esse
1117 2027 1315 2085 consortem.

166 2125 282 2185 Amen.

211 2226 345 2290 Olenum
368 2250 406 2292 ac
429 2230 587 2314 populum
611 2252 709 2314 quem
727 2251 789 2293 sua
804 2228 911 2291 voluit
934 2226 1154 2312 opitulatione
1170 2249 1231 2311 pro
1255 2234 1316 2292 tua

170 2331 434 2396 sanctificatione
451 2334 661 2417 congregari,
678 2356 739 2397 sua
761 2331 1010 2417 dispensatione
1031 2338 1066 2394 et
1088 2339 1148 2395 tua
1163 2331 1321 2395 adminis-

169 2439 314 2501 tratione
345 2461 404 2522 per
438 2440 598 2504 diuturna
628 2447 780 2525 tempora
814 2438 916 2502 faciat
950 2437 1095 2500 feliciter
1128 2439 1321 2522 gubernari.

171 2545 285 2607 Amen.

209 2648 381 2731 Quatenus
398 2650 519 2713 divinis
536 2650 671 2713 monitis
695 2656 861 2733 parentes,
879 2646 1140 2712 adversitatibus
1164 2647 1318 2710 omnibus

173 2760 335 2830 carenteS,
361 2756 456 2818 bonis
485 2757 639 2818 omnibus
670 2755 905 2828 exuberantes,
929 2759 988 2817 tuo
1018 2752 1203 2816 ministerio
1234 2751 1325 2815 fideli

171 2879 283 2922 amore
301 2862 535 2942 obsequentes,
554 2861 638 2923 etin
656 2860 812 2944 prasenti
830 2857 948 2922 saeculo
965 2858 1058 2942 pacis
1078 2858 1325 2941 tranquillitate

171 2963 335 3040 fruantur,
353 2965 519 3049 etjttecum
543 2971 741 3027 aeternorum
766 2964 886 3027 civium
911 2960 1077 3025 consortio
1100 2961 1202 3045 potiri
1217 2982 1323 3023 mere·

174 3074 282 3130 antur.
330 3072 446 3131 Amen.

217 3171 409 3256 Quodgipse.
455 3176 573 3235 Amen.

220 3276 422 3339 Benedictio.
469 3280 584 3338 Amen.

220 3473 386 3533 Benedictio
401 3470 439 3525 ad
454 3469 552 3524 noticia
567 3487 736 3542 quoacunque
750 3465 881 3522 volneris.

221 3571 374 3645 Benedic,
402 3566 555 3639 Domine,
580 3569 770 3627 creaturam
796 3562 898 3626 istam
925 3561 978 3624 ill.
1007 3565 1046 3623 ut
1074 3560 1120 3623 sit
1143 3558 1326 3621 remedium

181 3679 329 3744 salutare
345 3672 460 3759 generi
477 3672 643 3742 hnman03
669 3674 703 3731 et
715 3672 837 3751 praesta
852 3687 911 3750 per
927 3664 1169 3728 invocationem
1185 3663 1329 3725 nominis

181 3786 229 3849 tui
254 3788 292 3844 ut
307 3779 494 3862 quicunque
512 3794 553 3835 ex
569 3793 609 3834 ea
625 3770 818 3854 sumpserit,
835 3770 951 3834 animae
974 3767 1116 3832 tutelam
1132 3773 1166 3829 et
1181 3765 1330 3850 corporis

184 3889 361 3952 sanitatem
377 3877 548 3965 percipiat.
594 3875 668 3937 Por.
