2940 4996
600 421 785 487 Dedioctio
800 417 973 485 Ecclesiae.

205 656 819 728 „32ssAEssss—

250 811 341 875 Orno
351 833 407 877 -ve
423 819 532 878 -runt
556 815 638 880 fa-ci
653 855 667 866 ·
682 838 735 881 em
760 815 879 902 templi
923 813 1085 880 co-ro-nis
1166 832 1240 876 eu·
1255 830 1294 873 re
1310 806 1370 872 ·is

207 1148 242 1209 et
256 1144 550 1211 de-di-ca-ve-runt
567 1147 599 1211 al
610 1153 670 1212 -ts
680 1186 692 1197 -
702 1170 739 1212 re
754 1149 806 1213 Do
822 1186 836 1198 ·
865 1185 879 1198 -
894 1147 1011 1224 mi-no,
1055 1145 1089 1211 el
1099 1145 1160 1208 -le·
1174 1144 1280 1228 loys.

251 1469 423 1535 Pselmus.
467 1470 614 1555 Magnus
629 1469 832 1535 Do-mi-nus.
877 1491 896 1534 e
926 1490 949 1532 u
978 1489 999 1533 o
1029 1489 1051 1532 u
1081 1487 1103 1531 e
1131 1487 1162 1530 e.

252 1620 347 1678 Veiato
367 1621 464 1693 attare}
479 1621 622 1700 episcopeo
640 1643 714 1698 penu
727 1622 803 1698 flexo
823 1630 865 1681 ter
884 1622 981 1682 odoret
1000 1629 1025 1680 et
1044 1619 1184 1680 osculetm·
1203 1627 1229 1680 et
1248 1620 1370 1681 incenset

208 1715 309 1786 altere,
325 1716 449 1773 canendo
463 1716 537 1774 barre
550 1717 744 1795 antiphonam.

207 1872 1368 2002 W

250 2016 365 2081 Omnis
380 2022 472 2081 terre
504 2017 581 2081 ado
592 2023 667 2082 -ret
682 2023 715 2082 te
731 2017 781 2083 De
796 2056 810 2069 -
826 2040 867 2082 us
882 2023 917 2084 et
930 2017 1071 2104 psal-let
1085 2016 1183 2084 ti-bi:
1198 2015 1366 2103 psalmum

207 2341 330 2406 ‹ii-cem
345 2339 500 2404 nomi-ni
515 2343 553 2404 tu
568 2377 582 2389 ·
598 2360 627 2416 o,
643 2340 824 2406 Do-mi-ne.

419 2523 1100 2649 Q

251 2669 421 2735 Psalmes.
466 2669 689 2754 Ex-ur-get.
733 2689 805 2734 eu
863 2691 884 2734 o
928 2691 1001 2736 uo
1052 2691 1082 2736 e.

247 2804 316 2863 Post
329 2805 386 2862 boec
399 2805 477 2862 dicat
490 2804 563 2862 Itane
576 2803 740 2863 orationem.

251 2899 416 2965 Dominus
430 2899 612 2965 vobiscum.

250 3002 401 3067 Oremus.

251 3104 468 3189 Omnipotens
491 3105 691 3191 sempiterne
714 3104 816 3183 Dens,
832 3103 940 3170 altere
961 3105 1024 3172 hoc
1046 3107 1171 3172 nomini
1193 3113 1253 3175 tuo
1275 3111 1367 3176 dedi·

205 3210 317 3273 catum
340 3207 484 3272 eoelestis
506 3209 642 3273 virtutis
664 3207 927 3294 beneffldictione
950 3209 1130 3288 sanctifico,
1153 3216 1189 3277 et
1211 3213 1366 3279 omnibus

205 3312 241 3375 in
255 3315 290 3376 te
306 3310 518 3395 sperantibus
534 3310 652 3375 auxilii
667 3310 717 3375 tui
732 3331 852 3374 munus
868 3311 1026 3390 ostende3
1050 3318 1088 3379 ut
1106 3311 1174 3393 [hic
1190 3318 1238 3402 et]
1253 3335 1365 3381 secra-

206 3419 395 3479 mentorum
432 3414 541 3480 virtus
578 3419 614 3481 et
657 3419 811 3481 votorum
848 3415 1042 3482 obtineatur
1084 3419 1235 3486 effeetus.
1301 3421 1366 3487 Per

205 3518 396 3583 Dominum.
468 3534 472 3538 ’

246 3619 360 3677 Deinde
378 3615 483 3696 presset
505 3616 673 3675 commendet
693 3618 851 3677 oratorium
870 3617 932 3678 Deo
951 3627 977 3679 et
996 3620 1144 3681 sancceio
1161 3621 1243 3700 cepte
1263 3621 1364 3683 bonore

205 3715 367 3773 dedicatum
380 3721 427 3784 cst,
442 3712 485 3770 tte
499 3711 626 3772 dicende.

245 3809 331 3885 Tibi,
355 3813 469 3873 sancte
497 3807 552 3883 Ν.,
576 3806 842 3872 commendemus
864 3807 951 3872 hanc
974 3830 1086 3874 curem
1112 3809 1230 3897 templi
1252 3809 1364 3897 hujus,

203 3911 293 3996 quod
322 3931 554 3975 consecremus
584 3909 725 3974 Domino
755 3910 826 3976 Deo
855 3916 982 3988 nostro,
1012 3918 1050 3977 ut
1078 3911 1132 3976 hic
1161 3913 1366 3981 intercessor

199 4014 337 4088 existes,
360 4033 476 4095 preces
499 4018 533 4076 et
559 4021 639 4076 vote
664 4013 874 4077 offerentium
900 4013 954 4079 hic
978 4013 1119 4079 Domino
1148 4014 1221 4082 Deo
1244 4023 1362 4083 nostro

202 4114 364 4190 conferas,
382 4119 559 4198 custosque
575 4114 716 4200 pervigil
733 4120 767 4178 et
779 4115 907 4200 janitor
921 4115 1186 4203 insegregabilis.
1231 4119 1363 4186 Inimici

202 4216 338 4282 humani
383 4217 517 4300 generis
553 4218 772 4283 tentamentis
809 4223 940 4283 scutum
978 4225 1042 4284 tuee
1079 4220 1363 4307 interpellationis

202 4339 358 4406 oppones,
372 4339 413 4382 ne
430 4339 564 4404 precum
581 4323 770 4385 sanctorum
784 4325 818 4385 et
833 4327 984 4387 votorum
1000 4321 1053 4388 hic
1064 4322 1210 4390 fidelium
1225 4325 1361 4393 malicie
