2940 4996
521 417 894 487 Deuteaaoaeeteua.
1239 416 1290 485 οὔ..

156 620 255 681 'Tune
274 615 396 683 ments
416 624 501 685 cereis
520 625 667 685 duodecim
680 625 701 662 ³*
714 646 734 684 a
746 621 845 703 deutra
864 626 1027 704 quoe‘super
1040 623 1288 709 pictaieruoesjln

125 716 253 777 circuitu
273 719 391 779 ecclesiae
416 721 521 793 deteris
542 722 634 800 positi
654 729 728 794 sunt,
750 721 893 808 episcopm
919 742 984 782 cum
1008 728 1064 781 tato
1091 719 1172 792 clero,
1197 740 1287 794 cruce,

124 815 313 889 candelabris,
333 825 561 896 sanctarumque
568 819 698 897 reliquiis
717 821 977 898 prceceoleuiibue‚t
977 842 1007 878 er
1025 820 1120 899 ipsum
1143 809 1286 882 ecclesiam

126 903 413 988 circumamiciatur
427 922 526 972 canent
515 914 589 972 titus
602 915 769 992 majorem
753 915 912 974 letaniam.-

166 1004 349 1079 Notandum,
371 1008 444 1068 hanc
464 1009 645 1068 laetaniam
631 1032 664 1069 m
684 1011 851 1089 quibusdam
870 1010 1026 1083 locis,t
967 1009 1043 1068 aliato
1062 984 1171 1070 Omnes
1189 992 1283 1069 sancti

127 1108 211 1160 orate
232 1121 286 1180 pro
306 1103 398 1176 nobis,
414 1104 525 1181 finiri,·
548 1104 581 1163 in
602 1105 771 1183 quibusdam
791 1126 854 1164 uero
874 1126 960 1182 usque
981 1105 1021 1162 ael
1042 1105 1177 1164 ultimum
1194 1106 1286 1183 finem

126 1195 247 1254 mendi.
293 1197 463 1276 Quocunque
482 1207 575 1258 annm
594 1200 677 1259 mocio
690 1201 863 1273 terminetur,
877 1201 918 1259 sic
938 1221 957 1257 u
976 1201 1136 1258 cantoribus
1149 1201 1286 1259 brevietur

126 1290 171 1348 uel
196 1291 362 1350 ostendatur
388 1301 420 1351 ut
446 1314 510 1353 cum
537 1294 618 1353 tertio
645 1295 685 1353 aal
711 1295 816 1354 ostium
842 1294 962 1353 ecelesiae
988 1294 1123 1370 amarint,
1146 1295 1285 1373 finiatur.

126 1385 235 1446 Finita
249 1388 375 1459 laetania,
391 1389 469 1447 client
483 1389 625 1470 episeopus
638 1398 703 1449 unte
716 1390 818 1450 ostium
832 1389 958 1450 ecelesia.

171 1481 334 1548 Dominus
349 1484 529 1550 vobiscum.

173 1585 343 1650 Oremus.

170 1674 356 1756 Praereniat
385 1709 455 1775 nos,
486 1709 682 1772 quaesumus,
708 1689 860 1769 Domine,
886 1689 1112 1756 misericordia
1140 1693 1209 1769 tua,
1239 1696 1284 1771 et,

124 1774 407 1868 intercedentibus
422 1793 574 1858 omuibus
594 1793 719 1858 sanatis
734 1794 813 1870 tuis,
829 1815 928 1859 voces
950 1797 1084 1860 nostras
1106 1794 1284 1880 elementia

124 1894 374 1980 propitiationis
388 1894 559 1980 anticipet.
534 1896 668 1961 tPer
684 1895 864 1961 Christum
1088 1906 1091 1910 “

170 1999 302 2066 Oratio.
346 1997 613 2065 Ascendantadt
598 2003 632 2065 e
634 2020 851 2083 quaesumus,
860 1999 1011 2076 Domine,
1021 2019 1136 2084 preces
1146 2003 1280 2076 uostrae

124 2089 160 2166 et
175 2102 219 2166 ab
234 2100 382 2169 eeclesia
395 2106 455 2185 tua
469 2105 622 2166 cunctam
644 2101 769 2187 repelle
789 2102 998 2195 nequitiam.
1024 2101 1091 2166 Per
1112 2100 1282 2185 Christum

122 2202 329 2290 [Dominum]
345 2209 505 2268 nostrum.

162 2309 225 2368 Hie
232 2309 286 2386 fiet
274 2309 481 2367 tEuoraismus
495 2330 584 2387 aquae.
1277 2366 1280 2370 ,

130 2405 247 2463 Tunc
259 2424 332 2462 riuus
346 2403 491 2476 diaeonus,
508 2406 583 2483 alla,
600 2404 671 2463 stola
683 2412 710 2464 et
721 2404 871 2483 manipulo
884 2403 1046 2476 indutus,
1032 2426 1064 2463 cn
1065 2412 1117 2463 tret
1130 2381 1282 2479 eeclesiam,

122 2507 149 2559 et
162 2499 295 2558 claudens
304 2497 415 2570 ostimu,
425 2506 476 2556 stet
490 2500 579 2557 ante
566 2519 682 2578 ipsum5
701 2499 806 2558 coeteris
815 2498 943 2557 omnibus
953 2497 1057 2573 deforis
1066 2497 1284 2575 remanentibus.

124 2595 263 2672 Pontifex
282 2591 344 2653 vero
363 2594 493 2654 accedens
515 2594 556 2653 ael
578 2595 681 2654 ostium
701 2594 819 2654 eeclesiae
839 2594 1042 2672 meridianum,
1066 2594 1190 2674 incipiat
1210 2570 1284 2701 lano

125 2691 325 2769 autiphonam

169 2942 274 3006 Tol-li
289 2981 302 2992 -
317 2948 351 3007 te
374 2948 488 3026 portas
514 2943 695 3026 princi-pes
721 2962 779 3005 ves
795 2979 808 2990 -
824 2946 907 3018 tras,
930 2947 966 3006 et
1002 2964 1035 3006 e·
1050 2942 1203 3011 le-va-mi
1218 2981 1231 3004 -.
1244 2943 1282 3014 ni

125 3207 244 3289 par-tae
279 3225 305 3267 ae
321 3202 562 3280 -ier-na-les,
579 3209 614 3267 ct
656 3202 759 3265 in-tro
775 3201 909 3267 ·i·bit
923 3223 982 3265 rex
997 3201 1178 3288 glo-ri-ae.
1254 3191 1279 3216 '³

168 3462 340 3528 Psalmue.
384 3461 497 3527 Dossmi
513 3501 526 3512 -
542 3462 577 3525 ni
606 3467 660 3528 est
674 3467 790 3526 ter-ra.

165 3566 286 3645 Incepta
307 3565 474 3643 antiplona,
496 3566 648 3623 circumeat
674 3564 817 3642 episeopus
840 3584 905 3622 cuna
928 3564 1000 3624 clero
1021 3565 1103 3624 semel
1130 3565 1281 3640 ecclesiam,

122 3660 310 3738 versificando
323 3662 396 3719 lunc
404 3661 560 3738 psalmum,
574 3667 599 3717 et
607 3658 761 3737 praefatam
775 3659 962 3736 antiphonam
971 3661 1073 3737 sapim
1084 3655 1279 3734 interserendo,

122 3776 264 3834 usquequo
284 3755 387 3815 iterum
410 3753 450 3812 ael
470 3753 546 3813 islam
566 3754 669 3813 ostium
689 3753 793 3812 ueniat.
835 3752 961 3812 Etcum
982 3754 1097 3830 uenerit,
1117 3755 1196 3814 eliaat
1217 3764 1282 3816 ante

122 3851 237 3912 aetium.

168 3945 320 4011 Oremm.

167 4049 354 4112 Diacouue.
400 4046 494 4112 Flect
479 4050 590 4112 tamus
606 4065 726 4130 genua.
770 4043 905 4109 Levate.

170 4152 303 4216 Oratio.
349 4149 566 4236 Omnipotens
593 4147 793 4231 sempiterne
819 4145 921 4224 Deus,
949 4148 1005 4232 qui
1033 4147 1067 4211 in
1094 4147 1183 4213 omni
1209 4147 1281 4218 loeo

120 4251 358 4319 dominationis
380 4256 445 4318 tua
469 4255 561 4318 totus
588 4249 730 4326 assistis,
753 4254 845 4313 totus
871 4250 1037 4334 oper-arim
1061 4250 1193 4316 adesto
1203 4272 1280 4336 sup-

120 4370 321 4429 *MSdaaam
363 4403 372 4414 ι
413 4364 437 4408 s
