2940 4996
200 421 263 483 232
502 420 755 484 Inttroniratio
771 419 1046 501 Arohiepisoopi.

390 832 765 912 [INTHRONIZATIO
787 833 1155 918 Aaclalnrlscort]

240 1037 309 1123 [In]
340 1039 628 1103 inthronizatione
662 1042 926 1122 archiepiscopi,
956 1045 1096 1123 qnando
1129 1042 1204 1119 ipse
1235 1037 1355 1101 arohi-

199 1144 378 1223 episoopuo
393 1143 503 1223 defert
511 1143 664 1222 pallium
681 1164 704 1205 a
719 1145 797 1207 aede
814 1145 984 1206 Romana.

243 1247 393 1309 Oremus.

242 1347 343 1422 Deus,
371 1349 428 1431 qui
455 1349 495 1412 de
523 1349 654 1412 excelso
681 1348 836 1412 coelorum
863 1348 1054 1414 habitaculo
1081 1348 1181 1412 corda
1208 1345 1358 1409 fidelium

201 1451 326 1536 Spiritu
344 1451 465 1514 Sancto
478 1452 720 1514 corroborando
732 1451 896 1527 illustras,
910 1451 1177 1536 archipraesulem
1193 1454 1358 1522 nostrum,

198 1576 296 1638 quem
314 1553 504 1617 sanctitatis
520 1553 623 1637 pallio
639 1553 823 1630 decorasti3
847 1555 1010 1618 virtutum
1023 1574 1153 1637 quoque
1169 1551 1356 1616 coelestium

198 1659 316 1720 robore
333 1657 500 1732 confirma,
516 1661 554 1719 ut
577 1677 637 1718 nos
659 1656 732 1737 ejus
748 1657 899 1739 exemplo
923 1663 956 1720 et
978 1658 1175 1720 documento
1191 1655 1258 1719 iter
1281 1655 1358 1718 vitae

199 1758 343 1821 coelestis
360 1758 499 1841 ingredi,
513 1762 547 1822 et
562 1779 636 1821 cum
653 1779 691 1822 eo
707 1759 803 1842 regni
818 1759 869 1821 tui
881 1765 1052 1823 consortes
1067 1759 1141 1822 fieri
1156 1777 1355 1822 mereamur.

200 1865 265 1927 Per
280 1862 456 1926 Dominum
472 1865 633 1925 nostrum.
680 1861 720 1924 Iu
736 1861 864 1926 unitate
881 1863 1040 1946 ejusdem.

244 1965 407 2028 Dominus
423 1965 604 2027 vobiscum.

243 2068 289 2132 Et
304 2090 377 2131 cum
394 2067 514 2150 spiritu
529 2071 599 2130 tuo.

246 2174 397 2236 Oremus.

260 2274 478 2357 Omnipotens
514 2273 715 2356 sempiterne
749 2274 852 2352 Deus,
884 2275 942 2360 qui
975 2297 1048 2340 cum
1080 2275 1127 2340 sis
1160 2275 1360 2354 altissimus,

199 2380 336 2444 humilis
349 2380 389 2442 ad
402 2399 463 2441 nos
475 2378 673 2442 descendere
686 2379 844 2464 dignatus
857 2401 903 2458 es,
914 2384 948 2444 te
961 2380 1157 2465 suppliciter
1167 2402 1357 2458 exoramus,

201 2488 239 2546 ut
254 2481 392 2565 fastigio
409 2481 585 2544 sacerdotii
607 2481 684 2544 huic
699 2482 823 2545 famulo
846 2487 905 2546 tuo
921 2504 942 2546 a
957 2486 991 2545 te
1007 2481 1130 2546 collato
1154 2483 1359 2547 humilitatis

201 2585 363 2670 dignitate
391 2587 637 2666 promoveatur,
661 2587 695 2646 et
722 2583 807 2646 sicut
833 2583 868 2646 in
894 2583 1079 2647 ministerio
1102 2584 1279 2669 regiminis
1307 2587 1359 2649 sui

198 2691 283 2751 hanc
311 2688 422 2749 sedem
453 2684 676 2768 pontificalem
703 2706 904 2750 ascensurus
935 2687 1140 2770 aggreditur,
1166 2687 1217 2752 ita
1244 2689 1356 2753 sedem

200 2790 345 2874 pectoris
370 2789 442 2870 ejus
459 2794 522 2851 tuae
545 2788 799 2852 inhabitationis
822 2788 1015 2852 visitatione
1039 2789 1261 2874 aggrediaris,
1279 2813 1358 2875 qua·

201 2899 299 2954 tenus
328 2890 445 2952 solium
471 2895 535 2953 tuae
568 2889 737 2965 sessionis,
761 2890 926 2974 largiente
955 2891 1067 2975 gratia
1093 2897 1163 2968 tua,
1191 2893 1357 2958 exsistere

200 2998 386 3068 mereatur3
410 3013 470 3075 per
485 2998 529 3067 te,
545 2992 566 3054 J
568 3013 628 3055 esu
651 2992 795 3069 Christe,
811 2993 871 3075 qui·
885 3014 959 3056 cum
982 2997 1160 3056 co-aeterno
1176 2995 1239 3058 tibi
1255 2996 1356 3062 Patre

200 3102 234 3159 et
265 3094 392 3177 Spiritu
420 3094 541 3157 Sancto
568 3094 654 3157 vivis
681 3099 715 3158 et
740 3115 865 3179 regnas
890 3093 982 3157 Deus
1008 3115 1069 3179 per
1094 3095 1207 3160 omnia
1235 3097 1356 3163 sucula

201 3198 405 3263 saeculorum.
450 3198 567 3260 Amen.

245 3303 395 3364 Oremus.

242 3403 460 3486 Omnipotens
484 3401 684 3485 sempiterne
707 3401 809 3477 Deus,
827 3400 883 3485 qui
906 3402 946 3466 de
970 3423 1098 3466 summo
1122 3402 1196 3467 coeli
1217 3403 1355 3490 fastigio

200 3505 310 3570 omnia
332 3524 511 3587 regnorum
533 3503 760 3586 gubernacula
781 3504 883 3588 regis,
907 3503 1136 3588 archipraesuli
1158 3511 1276 3570 nostro
1300 3507 1355 3571 do-

198 3607 336 3670 minium
369 3606 470 3688 hujus
501 3605 665 3667 cathedrae
699 3626 719 3667 a
753 3610 786 3668 te
817 3607 979 3669 bonorum
1013 3608 1158 3669 omnium
1192 3607 1355 3694 largitore

199 3708 405 3791 suscipienti,
429 3705 611 3769 coelestium
635 3706 745 3769 tribue
766 3707 971 3772 incrementa
993 3708 1254 3785 charismatum
1278 3731 1357 3793 qua·

197 3818 295 3876 tenus
327 3829 406 3872 oves
437 3809 499 3872 tibi
525 3808 774 3872 commendatas
800 3810 849 3872 ita
878 3811 1052 3894 gubernet,
1077 3815 1114 3874 ut
1141 3831 1215 3874 cum
1242 3811 1355 3876 fructu

197 3916 358 3977 bonorum
375 3931 512 3993 opernm
528 3911 569 3974 ad
592 3931 732 3993 regnum
749 3910 820 3974 sine
837 3912 902 3975 fine
924 3932 1117 3976 mansurum
1135 3911 1306 3991 cumillis,
1322 3917 1356 3978 tc

198 4018 351 4087 donante,
367 4012 550 4097 perveniat.
596 4012 661 4075 Per
674 4013 863 4077 Dominum.

237 4117 280 4174 In
294 4113 497 4171 consecratione
511 4114 717 4191 archiepiscopi
726 4115 899 4192 prinsquam
909 4113 1003 4192 pallio
1023 4115 1224 4188 circumdetur,
1240 4116 1355 4176 dicatur

198 4213 233 4269 ah
248 4209 345 4283 aliquo
359 4207 486 4283 episcopo
500 4208 558 4264 hoec
571 4209 672 4265 oratio.

242 4302 382 4368 Domine
405 4299 507 4378 Deus,
525 4302 626 4366 Pater
649 4301 869 4386 omnipotens,
885 4304 943 4387 qui
966 4303 1040 4369 sola
1062 4303 1226 4371 ineffabili
1239 4304 1356 4392 gratia
