2940 4996
154 401 215 462 196
343 403 543 466 Benedictio
560 401 668 477 Satis,
685 405 807 484 Aqnoe,
827 401 960 465 Ciceris
975 411 1008 464 et
1030 400 1120 462 Vini.

194 606 262 662 Post
275 606 332 664 iseo
346 607 500 666 misceatur
513 607 557 665 sol
577 616 602 665 ct
615 607 699 678 cinis,
714 607 864 684 mittatque
878 627 911 664 ea
931 605 971 664 cis
984 605 1130 684 episcopas
1150 606 1185 663 ia
1198 604 1313 663 modum

152 701 246 758 crucis
259 702 293 759 ia
306 702 402 780 ipsam
415 723 531 780 nquam,
546 704 651 762 dicens.

196 797 276 860 Haec
303 799 495 864 commixtio
524 799 607 864 salis
634 806 668 864 et
694 801 816 865 cineris
843 821 917 865 cum
944 820 1033 882 aqua
1058 796 1247 870 benedicta,
1271 793 1315 856 sit

155 899 406 986 sanctiffifioata
428 903 470 965 ad
493 904 779 967 consecrationem
802 903 921 967 harum
945 921 1193 986 campanarum,
1217 897 1332 980 hujus¹

156 1002 313 1081 ecclesiae,
341 1009 375 1067 et
401 1005 522 1068 altaris
548 1006 636 1090 (oet)
663 1006 853 1082 coemeterii,
876 1011 911 1070 et
937 1005 978 1070 ad
1006 1001 1313 1067 reconciliationem

156 1107 335 1169 eorundem
352 1106 386 1169 in
401 1107 534 1170 nomine
550 1107 694 1172 Domini.
740 1109 858 1172 Amen.

199 1207 363 1273 Dominus
379 1210 561 1274 vobiscum.

200 1312 243 1374 Et
259 1333 334 1376 cum
352 1297 472 1397 spiritu
488 1322 558 1376 tuo.

200 1413 302 1491 Deus,
318 1415 449 1479 invictae
472 1415 610 1480 virtutis
633 1422 761 1492 auctor,
781 1421 816 1480 et
837 1414 1073 1501 insuperabilis
1097 1414 1228 1499 imperii
1249 1433 1318 1488 rex,

158 1541 196 1583 ac
221 1540 351 1604 semper
366 1521 564 1605 magnificus
587 1521 823 1605 triumphator,
840 1521 897 1605 qui
917 1521 1063 1586 adversae
1086 1519 1320 1584 dominationis

157 1623 247 1685 vires
273 1623 439 1706 reprimis,
465 1624 522 1707 qui
549 1623 674 1687 inimici
700 1624 868 1708 rugientis
895 1624 1056 1688 saevitiam
1085 1644 1237 1707 superas,
1264 1623 1320 1706 qni

158 1725 299 1789 hostiles
322 1727 490 1809 nequitias
513 1732 671 1810 potenter
693 1748 879 1812 expugnas,
902 1734 947 1803 te,
963 1727 1115 1803 Domine,
1139 1732 1323 1790 trementes

156 1834 192 1893 et
208 1828 375 1911 supplices
397 1830 617 1913 deprecamur
640 1852 678 1894 ac
695 1831 852 1914 petimus,
870 1837 909 1894 ut
923 1831 1009 1895 hano
1032 1836 1222 1895 creaturam
1239 1830 1321 1895 salis

157 1936 192 1994 et
218 1931 367 1994 cinerum
396 1938 430 1994 et
457 1953 549 2015 aquae
577 1933 757 2017 dignanter
783 1933 939 2017 accipias,
962 1934 1129 2018 benignus
1156 1933 1320 2010 illustres,

159 2034 297 2118 pietatis
321 2038 385 2097 tuae
408 2055 483 2098 rore
508 2036 747 2118 sanctifflfices,
771 2040 812 2099 ut
832 2036 1019 2119 ubicunque
1045 2036 1150 2100 fuerit
1172 2058 1323 2121 aspersa,

158 2158 216 2220 per
231 2137 475 2201 invocationem
488 2139 596 2203 sancti
612 2140 758 2203 nominis
770 2140 832 2216 tui,
843 2140 953 2203 omnis
968 2139 1143 2205 infestatio
1159 2141 1321 2205 immundi

160 2239 297 2324 spiritns
309 2241 679 2325 abjiciatur,terrorque
690 2242 848 2305 venenosi
860 2242 1027 2326 serpentis
1038 2242 1152 2328 procul
1163 2245 1322 2328 pellatur,

161 2349 196 2407 et
211 2345 388 2428 praesentia
412 2343 526 2408 Sancti
544 2344 689 2430 Spiritus
713 2345 976 2409 misericordiam
993 2351 1084 2409 tua-m
1109 2349 1324 2431 poscentibus

161 2447 284 2530 ubique
301 2447 418 2511 adesse
431 2447 599 2532 dignetur.
645 2448 710 2510 Per
726 2445 916 2510 Dominum.
962 2449 1002 2512 ln
1018 2450 1148 2514 unitate
1165 2452 1324 2533 ejusdem.

205 2551 405 2614 Benedictio
421 2551 505 2613 vini.

204 2652 366 2716 Dominus
383 2653 565 2716 vobiscum.

206 2755 357 2818 Oremus.

205 2857 297 2922 Deus
328 2859 548 2944 omnipotens,
576 2859 631 2943 qui
663 2860 696 2923 in
725 2859 817 2924 (lana
847 2861 990 2927 Galilaeae
1021 2863 1134 2927 vinum
1164 2888 1206 2930 ex
1237 2889 1325 2952 aqua

151 2962 283 3051 iecisti,
301 2963 409 3047 quies
426 2964 506 3029 vitis
528 2985 619 3039 vera,
635 2963 825 3050 multiplica
848 2986 948 3051 super
964 2987 1080 3030 servos
1103 2974 1181 3034 tuos
1197 2972 1326 3036 miseri-

164 3066 308 3130 cordiam
325 3067 464 3152 pietatis
477 3073 551 3144 tuae,
566 3074 599 3131 et
614 3067 851 3148 beneffldicere
868 3076 902 3133 et
915 3070 1162 3150 sanctifflficare
1179 3075 1328 3160 digneris

163 3172 248 3234 hane
265 3177 453 3235 creaturam
470 3171 551 3246 vini,
568 3177 607 3235 ut
630 3171 785 3255 quicquid
803 3194 843 3236 ex
860 3193 899 3236 eo
923 3180 1050 3237 tactum
1066 3175 1118 3238 vel
1134 3196 1326 3262 respersum

160 3274 272 3351 fuerit,
289 3295 348 3359 per
372 3274 481 3338 sancti
497 3273 641 3337 nominis
663 3274 713 3337 tui
729 3274 975 3339 invocationem
998 3279 1269 3360 sanctifflficetur
1292 3291 1326 3349 et

161 3379 279 3441 divinae
317 3377 599 3459 beneffldictionis
634 3376 807 3461 opulentia
843 3378 1025 3463 repleatur.
1069 3380 1131 3464 Qui
1167 3384 1254 3449 vivis
1292 3396 1327 3452 et

163 3501 284 3566 regnas
306 3502 379 3554 cum
403 3479 474 3543 Deo
499 3481 600 3544 Patre
623 3481 657 3543 in
683 3480 811 3544 unitate
838 3480 984 3565 Spiritus
1012 3483 1124 3548 Sancti
1151 3484 1245 3550 Deus
1269 3512 1328 3574 per

163 3586 274 3650 omnia
290 3584 410 3648 saccula
426 3585 631 3649 soeculorum.

202 3688 316 3746 Deinde
330 3688 444 3745 crisceot
461 3690 560 3744 vinam
575 3708 638 3745 cara
653 3707 730 3764 aquo
745 3688 776 3745 t'n
791 3687 907 3746 modam
921 3691 1022 3760 crucis,
1037 3690 1141 3750 dicens.

203 3785 282 3848 Fiat
298 3785 365 3846 haec
382 3783 573 3846 commixtio
591 3783 658 3845 vini
682 3788 717 3846 et
732 3804 825 3866 aquae
842 3784 1051 3849 sanctificata
1066 3785 1108 3849 ad
1124 3793 1327 3855 consecrati-

159 3908 254 3950 onem
282 3887 400 3949 harum
426 3907 674 3969 campanarum,
703 3885 805 3968 hujus
832 3884 978 3950 ecclesiae
1009 3892 1044 3953 et
1071 3887 1201 3968 altaris,
1231 3895 1327 3977 (nel)

160 3990 348 4065 coemeterii,
359 3992 454 4071 (uel)
470 3991 512 4054 ad
525 3990 832 4054 reconciliationem
846 3991 1035 4068 eorundem,
1046 3993 1079 4056 in
1094 3992 1230 4061 Christo
1246 3998 1328 4062 Jesu

162 4093 304 4158 Domino
320 4099 445 4157 nostro.
493 4097 609 4156 Amen.

206 4197 369 4259 Dominus
387 4198 566 4260 vobiscum.
