2940 4996
541 406 764 471 Coaeeorutio
781 407 898 491 liepis.
1244 400 1309 476 277

157 600 237 666 cleri
253 606 289 667 et
303 603 411 688 plebis
426 604 461 669 in
475 606 538 670 hoc
552 604 650 691 regni
666 602 752 669 solio
767 606 951 683 confirmet,
968 609 1002 670 et
1023 605 1058 668 in
1073 625 1177 690 regno
1193 605 1317 667 aterno

157 724 269 769 secum
296 727 439 792 regnare
468 707 583 784 faciat,
608 708 710 773 Jesus
736 707 891 773 Christus
915 707 1079 772 Dominus
1105 710 1230 782 noster,
1256 725 1315 769 rex

157 828 274 894 regum
285 814 320 874 et
330 811 484 877 dominus
495 811 748 877 dominantium.
794 810 856 896 Qui
866 833 940 876 cum
950 809 1023 876 Deo
1032 810 1133 875 Patre
1144 813 1178 874 et
1189 808 1318 893 Spiritu

161 911 295 977 Sancto.

200 1014 337 1092 Sequitur
352 1014 463 1075 Oratio.

205 1113 423 1199 Omnipotens
447 1115 540 1180 Deus
563 1115 620 1179 det
646 1114 709 1179 tibi
735 1115 775 1179 de
799 1135 875 1179 rore
898 1113 971 1179 coeli
994 1113 1092 1180 etde
1117 1113 1319 1198 pinguedine

159 1217 257 1279 terrae
284 1216 522 1282 abundantiam
552 1218 713 1282 frumenti
736 1222 771 1282 et
801 1219 871 1281 vini
899 1222 933 1282 εὴ
964 1216 1048 1294 olei;
1076 1216 1226 1281 serviant
1255 1217 1318 1282 tibi

160 1317 275 1402 populi
291 1324 326 1384 et
341 1320 483 1385 adorent
498 1326 532 1384 te
548 1321 677 1398 tribus;
701 1326 774 1386 esto
789 1321 944 1385 dominus
960 1321 1103 1386 fratrum
1119 1323 1264 1398 tuorum,
1280 1326 1315 1385 et

162 1420 380 1487 incurventur
400 1429 479 1488 ante
501 1429 536 1488 te
559 1424 621 1489 filii
642 1425 762 1489 matris
782 1430 865 1502 tuae3
890 1425 1003 1509 etqui
1025 1423 1232 1488 benedixerit
1254 1423 1316 1488 tibi

160 1524 447 1589 benedictionibus
470 1525 651 1611 repleatur,
666 1532 700 1591 et
720 1527 812 1592 Deus
836 1527 901 1591 erit
914 1527 1049 1609 adjutor
1071 1533 1160 1592 tuus.
1206 1525 1318 1590 Omni-

159 1632 278 1711 potens
308 1629 486 1694 benedicat
518 1629 580 1695 tibi
610 1629 898 1695 benedictionibus
929 1630 1002 1695 coeli
1031 1630 1185 1714 desuper,
1215 1632 1250 1694 et
1282 1629 1317 1693 in

163 1731 333 1795 montibus
354 1737 389 1796 et
411 1733 444 1795 in
461 1732 613 1810 collibus,
628 1733 917 1799 benedictionibus
933 1733 1045 1817 abyssi
1064 1732 1211 1816 jacentis
1225 1733 1320 1796 deor·

162 1854 245 1910 sum,
257 1834 545 1900 benedictionibus
556 1838 696 1901 uberum
706 1840 742 1900 et
750 1835 868 1914 vulvae,
881 1836 1170 1901 benedictionibus
1180 1858 1320 1900 uvarum

162 1958 419 2023 pomorumque3
441 1940 689 2005 benedictiones
710 1945 845 2025 patrum
860 1941 1084 2026 antiquorum,
1100 1940 1271 2005 Abraham
1287 1945 1322 2006 et

164 2041 262 2105 Isaac
278 2047 313 2106 εὴ
332 2042 438 2106 Jacob
460 2043 655 2108 confortatae
672 2044 742 2109 sint
757 2064 860 2128 super
881 2047 925 2109 te.
970 2045 1036 2109 Per
1049 2043 1227 2109 Dominum
1242 2064 1320 2109 nos·

166 2149 254 2208 trum
270 2144 293 2209 J
295 2165 389 2208 esum
405 2143 576 2210 Christum
593 2147 729 2211 Filium.

203 2247 278 2305 Alia
296 2247 407 2307 Oratio.

216 2343 371 2420 Benedic,
397 2344 550 2422 Domine,
577 2345 808 2409 fortitudinem
835 2345 938 2427 hujus
964 2343 1133 2429 principis,
1158 2347 1193 2408 et
1219 2365 1322 2428 opera

165 2467 324 2510 manuum
353 2446 447 2511 illius
478 2449 618 2533 suscipe,
647 2454 680 2514 et
710 2448 942 2513 benedictione
968 2453 1027 2511 tua
1056 2453 1149 2512 terra
1178 2447 1252 2530 ejus
1282 2448 1322 2512 de

165 2549 272 2634 pomis
283 2549 463 2633 repleatur,
475 2551 516 2614 de
529 2551 639 2614 fructu
653 2551 725 2616 coeli
738 2556 773 2616 et
783 2572 858 2615 rore
871 2555 971 2635 atque
984 2549 1096 2634 abyssi
1109 2549 1323 2634 subjacentis,

167 2651 208 2714 de
231 2651 342 2715 fructu
366 2652 449 2716 solis
472 2657 507 2717 et
529 2653 625 2729 lunae,
649 2653 690 2717 de
712 2654 837 2719 vertice
861 2653 1072 2737 antiquorum
1094 2653 1269 2730 montium,
1285 2654 1325 2718 de

166 2756 275 2840 pomis
291 2763 490 2820 aeternorum
507 2756 653 2834 collium,
670 2759 760 2822 etde
782 2757 936 2843 frugibus
951 2761 1048 2821 terrae
1064 2761 1099 2820 εὴ
1120 2755 1326 2841 plenitudine

169 2859 254 2943 ejus.
299 2860 493 2924 Benedictio
521 2860 613 2925 illius
640 2861 695 2944 qui
721 2863 876 2946 apparuit
902 2861 938 2924 in
963 2860 1057 2937 rubo,
1084 2859 1200 2925 veniat
1227 2880 1328 2944 super

168 2969 269 3049 caput
284 2964 357 3046 ejus
373 2964 422 3029 ill.
438 2969 473 3030 et
487 2965 587 3050 plena
611 2966 656 3030 sit
674 2965 860 3030 benedictio
882 2964 1017 3030 Domini
1039 2964 1075 3027 in
1096 2963 1177 3027 filiis
1193 2963 1277 3047 ejus,
1293 2972 1328 3030 et

164 3067 274 3151 tingat
287 3067 322 3130 in
333 3066 408 3131 oleo
420 3067 539 3151 pedem
553 3089 659 3132 suum.
704 3066 839 3132 Cornua
849 3066 1070 3131 rhinocerotis
1083 3087 1208 3130 cornua
1218 3065 1321 3145 illius,

167 3170 201 3233 in
217 3171 301 3254 ipsis
317 3171 494 3236 ventilabit
508 3178 628 3258 gentes
644 3193 749 3256 usque
765 3172 807 3235 ad
819 3171 980 3235 terminos
995 3175 1102 3246 terrae,
1115 3173 1150 3232 et
1164 3188 1323 3234 ascensor

172 3273 245 3339 coeli
260 3274 441 3339 auxiliator
457 3295 539 3339 suus
554 3275 588 3338 in
605 3276 845 3359 sempiternum
861 3275 932 3338 fiat.
976 3273 1042 3337 Per
1056 3270 1245 3335 Dominum.

219 3379 320 3452 Finit
336 3381 546 3452 consecratio
563 3381 663 3474 repis.
