2940 4996
196 376 260 439 260
434 379 652 443 Consecrotio
672 375 829 442 oleorum
844 385 876 438 ct
894 377 1110 462 Otrisrnatis.

241 580 306 645 His
329 583 486 667 peractis,
503 584 658 648 minister
681 581 862 666 ampullam
885 582 1079 647 chrismatis
1101 581 1256 646 deferens
1280 600 1358 643 cum

198 683 336 747 sindone
352 707 419 770 qua
434 689 634 771 praecinctus
650 691 712 762 est,
726 686 900 770 cooperiat
915 707 989 750 eam
1005 687 1090 750 etin
1105 686 1245 749 dextera
1260 691 1360 769 parte

199 783 328 862 altaris,
346 808 520 872 quousque
536 792 566 851 Α
570 810 658 872 poue
674 789 737 851 Dei
753 793 919 865 cantetur,
933 809 1008 852 oum
1023 788 1213 852 reverentia
1228 792 1358 852 teneat.

242 886 381 952 Interim
404 892 580 976 episcopus
598 910 633 953 se
656 895 809 954 revertat
823 890 867 953 ad
889 891 998 955 altare
1022 896 1057 955 et
1073 891 1165 954 dicat
1181 889 1253 954 alta
1274 910 1359 953 voce

80 989 83 996 '
198 989 266 1051 Per
281 993 396 1055 omnio
411 993 540 1058 soeculo
562 992 773 1058 soculorum.
818 1002 853 1057 et
873 992 1034 1057 diaeonus
1049 993 1140 1058 dieat
1161 992 1361 1057 Humiliate

198 1111 266 1167 vos,
282 1095 336 1157 dic.

244 1195 411 1280 Sequatur
425 1198 613 1263 benedictio
630 1219 731 1282 super
747 1198 918 1284 populum.

243 1299 327 1365 Post
342 1302 606 1366 benedictionem
623 1302 714 1366 dicat
729 1303 919 1387 episcopus.
964 1303 1014 1367 Et
1022 1323 1100 1386 poa
1115 1303 1196 1388 ejas.

244 1401 369 1468 Cantor
384 1405 526 1488 incipiat
540 1407 664 1489 Apsus
680 1405 757 1469 Dei.

244 1505 389 1572 cantatu
411 1513 495 1585 tota,
520 1509 659 1572 adorata
682 1513 717 1571 et
739 1507 936 1573 deosculata
959 1508 1048 1572 sacri
1069 1507 1266 1574 chrismatis
1292 1533 1363 1575 am·

200 1608 304 1690 pulla,
320 1612 439 1676 redeat
453 1611 707 1675 archidiaconus
723 1632 796 1674 cum
815 1611 886 1675 suis
909 1611 1075 1676 ministris
1091 1611 1206 1674 eadem
1222 1612 1279 1676 via
1295 1635 1363 1697 qua

196 1714 349 1789 accessit,
365 1719 399 1778 et
415 1716 554 1778 eandem
578 1713 761 1798 ampullam
776 1719 938 1799 reportet,
956 1735 995 1778 ao
1017 1713 1091 1777 loco
1107 1719 1298 1799 opportuno
1321 1718 1357 1781 in

201 1813 420 1880 salvationem
436 1823 580 1903 reponat
595 1839 670 1881 cum
685 1817 808 1881 ceteris
824 1817 994 1901 ampullis.

244 1917 370 1985 Deinde
386 1922 526 2006 incipiat
541 1925 658 1985 cantor
674 1920 904 2004 antiphonam,
924 1920 1085 1986 Calicem.
