2940 4996
529 398 748 462 Corteecratio
763 397 939 477 Episcopi.
1244 395 1309 458 229

155 594 287 660 dicatur
316 604 351 663 et
381 600 537 684 quicquid
569 600 830 665 sanctificaveris
859 599 1101 676 sanctificetur3
1134 605 1170 664 et
1196 621 1312 663 conse·

157 704 256 762 cratae
280 722 398 765 manus
420 709 496 778 tuae,
514 703 567 767 vel
590 703 732 786 pollicis,
749 702 919 787 impositio
943 701 1071 765 cunctis
1094 704 1249 786 proficiat
1270 703 1312 767 ad

159 801 313 866 salutem.
358 806 474 868 Amen.

197 902 365 963 Benedictio
379 908 474 965 baculi
482 909 648 984 pastoralis.

203 998 418 1065 Sustentator
439 1004 590 1067 humanae
611 1001 864 1076 imbecillitatis,
881 1001 982 1078 Deus,
999 1004 1136 1068 benedic
1158 1003 1312 1068 baculum
1408 1059 1415 1068 .

156 1099 269 1175 istum,
287 1109 321 1165 et
338 1105 423 1186 quod
447 1105 480 1167 in
498 1127 536 1167 eo
553 1105 701 1168 exterius
724 1104 931 1188 designatur,
948 1105 1090 1168 interius
1106 1105 1139 1167 in
1163 1108 1311 1171 moribus

156 1203 272 1265 famuli
289 1206 339 1267 tui
355 1208 604 1290 propitiationis
618 1207 797 1270 elementia
813 1212 980 1289 operetur.
1026 1208 1090 1270 Per
1105 1207 1295 1273 Dominum.

199 1305 271 1364 Cum
285 1307 372 1365 dntnr
386 1311 510 1380 baculus,
527 1312 653 1387 episcopo
667 1310 745 1366 dicat
760 1309 918 1365 ordinator.

201 1403 322 1486 Accipe
346 1404 501 1467 baculum
525 1403 707 1487 pastoralis
723 1403 838 1478 officii3
863 1408 898 1466 et
920 1403 966 1466 sis
993 1403 1196 1487 corrigendis
1219 1406 1311 1471 vitiis

158 1504 212 1586 pie
236 1506 384 1580 saeviens,
397 1506 559 1587 judicium
583 1507 654 1568 sine
677 1506 729 1568 ira
750 1512 880 1581 tenens,
897 1505 930 1567 in
953 1505 1106 1568 fovendis
1130 1507 1311 1572 virtutibus

158 1607 347 1671 auditorum
378 1609 506 1672 animos
539 1609 741 1683 demulcens,
771 1608 806 1669 in
839 1607 1086 1690 tranquillitate
1120 1610 1312 1676 severitatis

159 1730 335 1773 censuram
351 1733 416 1774 non
431 1711 601 1773 deserens.

196 1811 365 1870 Benedictio
380 1814 493 1870 annuli.

216 1907 357 1971 Creator
391 1915 426 1971 et
462 1915 679 1972 conservator
711 1907 846 1969 humani
882 1908 1025 1991 generis,
1059 1908 1157 1972 dator
1193 1912 1311 1994 gratiae

159 2011 354 2094 spiritualis,
371 2011 515 2095 largitor
537 2016 665 2074 aeternae
690 2009 820 2083 salutis,
837 2015 884 2084 tu,
907 2008 1057 2086 Domine,
1075 2012 1190 2075 emitte
1214 2015 1312 2079 bene-

159 2113 338 2177 dictionem
355 2119 447 2177 tuam
471 2134 572 2196 super
586 2113 674 2174 bunc
698 2112 868 2186 annulum,
885 2118 924 2174 ut
946 2112 1002 2194 qui
1020 2133 1094 2174 eum
1117 2117 1313 2198 gestaverit,

159 2217 204 2279 sit
219 2222 370 2279 armatus
383 2217 507 2279 virtute
521 2214 664 2278 coelestis
677 2213 889 2288 defensionis,
903 2219 938 2277 et
953 2214 1105 2296 proficiat
1117 2217 1158 2279 ad
1171 2218 1313 2283 salutem

158 2319 282 2382 mentis
299 2324 333 2381 et
349 2318 507 2403 corporis.
553 2319 618 2381 Per
633 2317 823 2380 Dominum.

198 2422 229 2476 A
234 2422 276 2477 lia
291 2422 442 2479 benedictio
457 2421 569 2478 annecti.

203 2517 390 2591 Sanctifica
408 2536 606 2599 quaesumus,
628 2514 777 2589 Domine,
795 2513 954 2577 annulum
978 2513 1089 2590 istum,
1106 2520 1144 2580 ut
1166 2516 1311 2584 famulus

158 2625 237 2685 tuus
261 2619 305 2681 N.
328 2625 481 2703 gestator
502 2618 607 2692 illius,
630 2638 728 2700 quem
755 2617 789 2679 in
811 2617 956 2678 ordinem
986 2617 1145 2699 aequalem
1170 2619 1312 2686 electum

160 2722 376 2797 sacravimus,
392 2722 456 2784 fide
481 2722 525 2785 sit
541 2720 670 2804 plenus,
687 2719 879 2801 operatione
904 2719 1063 2795 sincerus,
1081 2721 1113 2782 in
1138 2723 1314 2790 reddendis

159 2832 259 2907 atque
276 2825 469 2891 claudendis
492 2823 661 2908 mysteriis
686 2822 811 2886 salubri
836 2821 881 2885 sit
897 2842 1027 2906 semper
1049 2824 1314 2893 consideratione

159 2927 336 2990 discretus.

198 3031 248 3086 Ad
262 3031 401 3086 nnnnlnrn
415 3030 506 3104 dipito
521 3027 734 3105 imponendum.

202 3125 325 3209 Accipe
352 3125 522 3198 annulum,
550 3122 626 3184 fidei
659 3121 788 3185 seilicet
811 3121 1030 3202 signaculum,
1057 3129 1221 3205 quatenus
1250 3127 1314 3190 Dei
1369 3139 1371 3142 ’

159 3249 325 3313 sponsam,
354 3231 503 3290 sanctam
535 3225 597 3288 Dei
628 3224 782 3288 videlicet
810 3224 993 3300 ecclesiam,
1020 3225 1220 3291 intemerata
1250 3230 1312 3293 fide

159 3334 307 3405 ornatus,
323 3329 452 3392 illibate
469 3328 649 3392 custodias.

199 3432 370 3489 Benedictio
384 3431 486 3487 neitroe.

200 3527 304 3602 Deus,
330 3525 424 3607 eujus
449 3524 660 3608 providentia
687 3523 809 3587 statuit
832 3529 870 3585 ut
895 3522 995 3586 mitra
1021 3524 1186 3607 pontificis
1213 3537 1313 3614 caput

160 3633 304 3703 ornaret,
321 3628 553 3691 misericordiae
573 3647 639 3690 suae
656 3627 742 3689 dono
759 3626 928 3700 concedat,
945 3631 982 3687 ut
1004 3626 1066 3689 hoc
1082 3628 1201 3710 capitis
1218 3652 1314 3695 orna-

159 3738 307 3795 mentum
344 3731 529 3795 ministerio
563 3731 725 3794 bonorum
757 3749 894 3811 operum
928 3729 969 3791 ad
1007 3733 1161 3792 ornatum
1195 3734 1312 3798 animae

160 3841 385 3898 eonvertatur.

203 3938 277 3994 Curn
292 3939 379 3993 dntnr
392 3938 491 4006 mitra,
505 3936 627 3993 dicatur.

203 4033 305 4108 Deus,
333 4032 390 4115 qui
419 4032 525 4094 mitrae
555 4028 755 4115 pontificalis
786 4029 909 4091 honore
941 4032 974 4091 te
1005 4027 1112 4094 voluit
1140 4029 1313 4117 insignire,

160 4137 341 4201 clementer
368 4140 503 4209 annuat,
526 4139 565 4196 ut
591 4155 661 4216 quae
689 4153 748 4216 per
773 4131 879 4194 mitrae
905 4151 1028 4194 cornua
1054 4132 1243 4216 figurantur
1271 4139 1313 4203 ad

160 4239 300 4303 tutelam
312 4238 396 4302 etad
408 4238 547 4302 salutem
560 4237 686 4311 animae,
696 4234 831 4298 fortiter
842 4238 876 4298 et
887 4234 1069 4318 prudenter
1078 4236 1175 4301 eorde
1188 4243 1313 4318 tractes

161 4349 195 4405 et
210 4364 277 4406 ore.
323 4341 396 4404 Per.
