2940 4996
569 395 768 459 Benedictio
788 395 899 478 Regis.

157 808 522 873 BENEDICTIONES
536 808 680 872 SUPER
691 808 779 873 REG
787 811 851 873 ΕΜ
867 809 1072 875 NOVITER
1084 809 1315 875 ELEOTUM.

193 1036 239 1097 Te
265 1036 470 1109 invocamus,
490 1031 644 1108 Domine,
669 1040 786 1098 sancte
809 1035 924 1109 Pater,
949 1034 1164 1117 omnipotens
1191 1039 1315 1098 aterne

156 1137 260 1213 Deus,
276 1142 315 1201 11
338 1138 426 1200 hunc
450 1135 613 1199 famulum
639 1141 734 1199 tuum
758 1137 811 1200 ill.
837 1158 933 1220 quem
956 1141 1021 1201 tuae
1041 1137 1161 1200 divinae
1185 1137 1318 1220 dispen-

158 1242 300 1305 sationis
317 1241 529 1325 providentia
546 1241 578 1303 in
602 1241 787 1323 primordio
810 1239 1025 1325 plasmatum,
1043 1261 1149 1324 usque
1173 1241 1319 1313 adhunc

156 1350 352 1428 praesentem
375 1345 461 1407 diem
483 1342 627 1426 juvenili
644 1343 725 1406 flore
747 1343 917 1407 laetantem
943 1364 1094 1406 creseere
1110 1344 1317 1419 concessisti,

158 1471 232 1511 eum
250 1455 315 1511 tuae
332 1447 471 1530 pietatis
486 1447 572 1509 dono
589 1447 733 1509 ditatum
757 1447 958 1530 plenumque
975 1447 1131 1510 veritatis
1146 1447 1263 1531 gratia
1278 1447 1316 1509 de

157 1553 210 1615 die
240 1552 275 1613 in
306 1551 393 1613 diem
420 1570 533 1613 coram
562 1549 635 1613 Dec
663 1555 698 1614 et
724 1551 916 1614 hominibus
947 1550 989 1613 ad
1014 1550 1155 1614 meliora
1187 1571 1317 1634 semper

156 1656 317 1739 proficere
340 1654 456 1728 facias,
473 1658 512 1716 ut
535 1652 656 1716 summi
680 1653 857 1737 regiminis
874 1653 1008 1730 solium,
1032 1653 1145 1738 gratia
1170 1675 1314 1738 superna

157 1758 335 1841 largiente,
360 1757 512 1840 gaudens
538 1757 711 1841 suscipiat,
737 1762 772 1820 et
798 1757 1032 1821 misericordiae
1059 1761 1125 1820 1111
1151 1778 1249 1820 muro
1274 1758 1313 1821 ab

155 1861 300 1924 hostium
314 1860 520 1923 adversitate
534 1859 681 1942 undique
697 1861 860 1936 munitus,
873 1861 1006 1945 plebem
1023 1859 1085 1923 sibi
1099 1860 1311 1923 commissam

156 1986 230 2027 eum
256 1985 336 2046 pace
363 1963 613 2046 propitiationis
639 1969 673 2027 et
700 1964 826 2027 virtute
852 1965 998 2028 victoriae
1025 1963 1173 2029 feliciter
1196 1984 1311 2048 regere

156 2073 336 2130 mereatur.
382 2067 456 2130 Per.

193 2170 278 2227 Atia.

198 2269 237 2331 In
261 2269 379 2330 diebus
396 2268 470 2350 ejus
493 2266 623 2330 oriatur
645 2268 800 2331 omnibus
823 2267 964 2350 aequitas
981 2272 1015 2330 et
1032 2266 1181 2349 justitia,
1198 2268 1312 2332 amicis

154 2371 368 2454 adjutorium,
385 2371 530 2433 inimicis
547 2371 769 2446 obstaculum,
782 2371 966 2434 humilibus
983 2369 1153 2446 solatium,
1170 2371 1311 2436 elevatis

152 2475 330 2557 correpti0‚
356 2475 518 2537 divitibus
548 2474 712 2548 doctrina,
738 2475 943 2558 pauperibus
973 2474 1093 2558 pietas,
1124 2477 1311 2560 peregrinis

153 2577 326 2653 auxilium,
343 2578 489 2662 propriis
506 2577 662 2661 inpetria
677 2599 742 2660 pax
760 2586 794 2640 et
811 2577 984 2641 securitas.
1031 2578 1310 2662 Unumquemque

154 2680 332 2742 secundum
363 2702 455 2742 suam
484 2701 678 2743 mensuram
705 2680 878 2743 moderate
905 2681 1108 2764 gubernans,
1137 2701 1173 2743 11
1201 2682 1308 2765 ipsum

155 2783 292 2845 sedulus
323 2783 442 2857 discat,
470 2789 507 2846 ut
535 2790 595 2847 tua
620 2784 782 2868 irrigatus
813 2785 1066 2866 compunctione
1094 2785 1159 2848 toti
1189 2786 1309 2871 populo

152 2886 214 2949 tibi
231 2885 356 2969 placita
371 2888 517 2971 praebere
534 2887 610 2950 vitae
626 2887 735 2970 possit
751 2887 914 2970 exempla,
928 2895 962 2950 et
977 2909 1038 2972 per
1054 2888 1143 2951 viam
1159 2889 1311 2953 veritatis

153 3010 226 3051 cum
251 3011 354 3073 grege
386 2989 448 3052 sibi
476 2990 610 3053 subdito
637 2989 804 3070 gradiens,
830 3011 911 3073 opes
935 2989 1076 3074 fragiles
1101 2992 1310 3055 abundanter

153 3093 316 3174 acquirat.
364 3094 469 3157 Simul
487 3099 521 3156 11
545 3094 689 3157 salutem
713 3115 779 3157 non
804 3094 909 3157 solum
933 3115 1109 3178 corporum
1134 3095 1308 3159 sedetiam

153 3198 300 3260 cordium
318 3221 338 3261 a
354 3205 387 3261 te
412 3219 602 3261 concessam
627 3192 758 3260 cunetis
778 3199 931 3281 accipiat.
978 3198 1098 3280 Sieque
1120 3198 1154 3261 in
1173 3204 1207 3262 te
1225 3199 1308 3284 cogi-

151 3305 261 3363 tatum
272 3301 372 3363 animi
384 3300 625 3382 consiliumque
638 3322 734 3363 omne
745 3321 955 3384 componens,
966 3300 1074 3384 plebis
1083 3301 1310 3386 gubernacula

155 3423 327 3484 cumpace
345 3402 443 3465 simul
461 3411 496 3465 et
513 3404 679 3487 sapientia
695 3424 826 3486 semper
847 3404 995 3466 invenire
1011 3403 1186 3480 videatur3
1212 3411 1308 3488 teque

154 3505 339 3568 1111111111
363 3507 540 3589 praesentis
565 3507 641 3570 vitae
658 3507 886 3589 prolixitatem
904 3506 1079 3590 percipiat,
1096 3516 1130 3570 et
1152 3529 1215 3591 per
1230 3516 1307 3572 tem-

155 3609 285 3690 poralia
302 3610 388 3671 bona
404 3631 509 3692 usque
527 3611 567 3673 ad
586 3632 747 3673 summam
767 3616 972 3673 senectutem
992 3610 1179 3693 perveniat,
1196 3613 1308 3694 hujus·

155 3732 218 3792 que
235 3712 433 3794 fragilitatis
450 3714 548 3773 finem
567 3716 749 3796 perfeetum
767 3714 809 3776 ab
826 3714 979 3775 omnibus
994 3712 1150 3775 vitiorum
1168 3713 1307 3777 vinculis

153 3825 217 3880 tuae
253 3819 392 3900 pietatis
428 3819 589 3903 largitate
627 3820 799 3894 liberatus,
833 3825 867 3881 et
900 3819 1036 3881 infinitae
1073 3819 1306 3904 prosperitatis

156 3922 291 4002 praemia
322 3928 487 4003 perpetua
519 3922 781 4006 angelorumque
812 3927 936 3985 aeterna
965 3920 1164 3985 commercia
1194 3942 1305 3986 conse·

152 4031 284 4106 quatur.
330 4025 404 4086 Per.

194 4130 280 4186 Alia.

200 4224 304 4299 Deus,
331 4225 512 4288 electorum
544 4226 705 4289 fortitudo
733 4231 766 4289 et
792 4225 966 4288 humilium
991 4224 1164 4302 celsitudo,
1192 4225 1250 4308 qui
1273 4225 1305 4286 in

157 4326 336 4408 primordio
364 4350 424 4411 per
457 4329 654 4392 effusionem
685 4329 802 4391 diluvii
832 4328 973 4391 erimina
1001 4327 1115 4391 mundi
1139 4328 1305 4413 castigare

155 4426 301 4508 voluisti,
331 4441 365 4497 et
397 4454 457 4517 per
486 4432 673 4496 columbam
702 4453 829 4495 ramum
861 4431 954 4494 olivae
979 4436 1166 4516 portantem
1193 4448 1305 4516 pacem
