2940 4996
486 398 537 460 De
558 396 745 462 Ordinibus
765 400 996 484 Conferendis.

373 793 539 859 ORATIO
563 794 613 858 IN
637 792 894 858 ELECTIONE
916 792 1128 858 EPISOOPI.

156 1044 175 1072 „
224 993 376 1071 Oremus‚
389 995 523 1071 fratres,
537 1001 576 1058 ut
591 995 683 1058 Deus
694 1001 729 1058 et
744 994 908 1059 Dominus
921 1003 1037 1059 noster
1048 996 1069 1061 J
1072 1017 1151 1060 esus
1164 997 1320 1062 Ohristus

160 1146 180 1172 „
197 1118 258 1160 rios
286 1104 320 1162 et
348 1098 492 1162 electum
513 1103 666 1162 nostrum
689 1097 802 1181 gratia
827 1098 976 1182 Spiritus
1004 1099 1118 1164 Sancti
1147 1099 1321 1164 illustrare

161 1248 180 1275 ,‚
199 1199 368 1284 dignetur.
416 1200 481 1285 Qui
497 1200 582 1263 vivit
597 1205 632 1264 et
646 1206 780 1284 regnat.

563 1302 737 1359 Adnront'tio
751 1302 900 1380 Episcopi.

159 1447 178 1472 ‚,
227 1398 305 1462 Haec
330 1398 476 1462 sollicita
497 1404 608 1461 mente
632 1403 666 1460 et
688 1396 798 1460 studio
823 1397 981 1482 vigilanti
1005 1418 1178 1474 conserva,
1203 1403 1238 1462 et
1257 1399 1319 1463 libi

160 1548 178 1574 „
196 1501 382 1564 commissis
399 1507 480 1564 nota
490 1500 601 1564 faeere
618 1521 708 1574 cura,
723 1505 761 1562 ut
776 1501 952 1563 unanimes
964 1522 1029 1563 uno
1046 1521 1104 1563 ore
1117 1501 1319 1566 collaudetis

162 1602 304 1676 „Deum
320 1603 361 1666 dc
385 1603 457 1666 suis
474 1624 556 1688 erga
571 1623 632 1665 vos
648 1602 821 1666 beneficiis
844 1603 1053 1679 exhibendis,
1069 1605 1124 1667 cui
1140 1611 1193 1668 eat
1214 1605 1322 1669 honor

163 1752 182 1779 „
200 1711 233 1768 et
248 1705 361 1790 gloria
375 1727 435 1790 per
451 1705 572 1768 omnia.

538 1806 639 1865 Oratio
650 1815 713 1884 post
728 1805 944 1883 Professt'onem.

163 1951 180 1976 „
228 1902 359 1966 Memor
382 1906 430 1966 sis
455 1901 647 1986 sponsionis
670 1907 706 1964 et
732 1901 1004 1985 desponsationis
1028 1903 1267 1969 ecclesiasticae
1291 1912 1325 1968 et

162 2005 387 2080 „dilectionis
413 2005 549 2069 Domini
577 2004 641 2067 Dei
666 2004 715 2067 tui
738 2003 772 2066 in
800 2005 853 2067 die
882 2026 950 2088 qua
974 2012 1153 2069 assecutus
1177 2027 1213 2070 es
1237 1998 1326 2070 bunc

163 2113 373 2192 „bonorem
419 2113 507 2177 Cave
525 2134 567 2176 ne
584 2111 797 2175 obliviscaris
813 2111 917 2174 illius.

549 2215 609 2273 Hic
623 2214 736 2272 dandus
750 2222 788 2272 est
803 2214 935 2270 annulae.

161 2360 179 2385 ‚,
226 2311 351 2394 Accipe
368 2332 448 2395 ergo
461 2310 624 2374 annulum
639 2309 854 2373 discretionis
871 2316 905 2372 et
921 2310 1069 2386 honoris,
1081 2309 1159 2372 fidei
1177 2310 1321 2395 signum,

164 2462 183 2488 „
201 2420 240 2477 ut
255 2435 327 2497 quae
345 2413 510 2497 signanda
526 2421 605 2476 sunt
622 2414 736 2497 signes
753 2417 788 2476 et
803 2433 873 2493 quae
897 2413 1080 2496 aperienda
1096 2419 1176 2477 sunt
1190 2414 1325 2498 prodas,

163 2566 182 2592 ‚,
199 2539 270 2599 quae
298 2517 434 2601 liganda
462 2521 543 2581 sunt
570 2516 667 2600 liges,
691 2538 760 2596 quae
784 2515 946 2580 solvenda
967 2523 1047 2581 sunt
1074 2504 1197 2595 solvas,
1222 2523 1323 2602 atque

164 2667 183 2694 „
200 2620 415 2683 credentibus
438 2641 498 2703 per
519 2620 617 2682 fidem
635 2619 849 2702 baptismatis
871 2620 978 2703 lapsis
1003 2627 1116 2684 autem
1141 2622 1198 2685 sed
1222 2623 1324 2706 poeni-

163 2723 349 2796 „tentibus
373 2743 434 2806 per
449 2722 673 2787 ministerium
697 2722 985 2788 reconciliationis
1005 2725 1129 2808 januas
1152 2727 1250 2812 regni
1267 2749 1327 2791 coe-

163 2875 184 2902 „
202 2825 300 2889 lestis
316 2827 462 2910 aperias.
510 2824 745 2912 Cunctisyvero
762 2826 804 2888 de
820 2825 983 2890 thesauro
998 2825 1175 2892 Dominico
1190 2851 1277 2894 nova
1293 2837 1326 2895 ct

161 2977 180 3002 „
199 2934 316 2991 vetera
346 2928 499 3011 proferas
530 2927 573 2990 ad
604 2932 761 2990 aeternam
793 2927 949 3005 salutem,
981 2932 1136 2995 omnibus
1167 2933 1323 2997 consulas

164 3079 182 3104 „
199 3032 314 3115 gratia
330 3030 467 3094 Domini
484 3030 592 3094 nostri
608 3029 629 3094 J
632 3050 692 3093 esu
710 3029 850 3107 Christi,
867 3031 1011 3095 cuicum
1027 3034 1128 3097 Patre
1146 3045 1180 3097 et
1197 3035 1324 3119 Spiritu

163 3184 181 3210 ‚‚
201 3139 324 3199 Sancto
341 3143 394 3200 est
409 3137 516 3199 honor
531 3143 566 3200 et
580 3135 690 3220 gloria
707 3137 740 3198 in
757 3137 879 3201 saecula
895 3138 1102 3201 saeculorum.
1403 3130 1404 3133 ¹

553 3239 615 3298 Hic
629 3241 742 3298 dandus
756 3251 794 3299 est
809 3244 932 3300 bucrilus.

158 3387 177 3414 „
225 3338 349 3420 Accipe
361 3336 529 3412 baculum,
544 3337 631 3400 sacri
648 3337 823 3420 regiminis
837 3333 981 3422 signum,
994 3345 1032 3402 ut
1047 3339 1231 3407 imbecilles
1246 3365 1324 3407 con·
1343 3398 1347 3407 .

164 3487 183 3512 ‚,
202 3438 336 3514 solides,
352 3439 541 3528 titubantes
558 3438 743 3514 confirmes,
756 3461 880 3523 pravos
896 3442 1059 3526 corrigas,
1071 3450 1183 3526 rectos
1198 3446 1326 3532 dirigas

163 3541 233 3616 „in
267 3542 355 3605 viam
388 3541 510 3605 salutis
542 3547 682 3614 aeterna,
713 3543 905 3626 habeasque
938 3550 1141 3627 potestatem
1173 3549 1323 3634 erigendi

167 3644 324 3728 „dignos
345 3649 379 3708 et
401 3643 592 3727 corrigendi
617 3643 787 3729 indignos,
804 3654 1019 3730 cooperante
1041 3646 1185 3713 Domino
1206 3658 1323 3717 nostro

165 3745 445 3822 „desquristo
492 3746 655 3829 Quicum.

483 3847 573 3906 nanc
587 3849 779 3907 inclinandam
793 3859 831 3907 est
845 3851 1004 3910 introilum.

166 3993 184 4019 „
230 3943 347 4029 Elegit
368 3949 401 4007 te
426 3943 590 4007 Dominus
614 3944 678 4008 sibi
695 3932 903 4010 sacerdotem
925 3968 1094 4032 magnum,
1110 3954 1146 4013 ct
1167 3953 1324 4035 aperiens

167 4096 185 4122 „
201 4048 398 4111 thesaurum
424 4067 519 4109 suum
544 4046 719 4131 optimum,
736 4049 907 4113 abundare
932 4057 965 4114 le
988 4051 1092 4115 faciat
1114 4053 1147 4115 in
1173 4055 1326 4124 omnibus

168 4199 186 4224 ‚,
203 4149 310 4213 bonis.

168 4302 187 4328 ‚,
235 4254 292 4315 Pa.
337 4250 566 4314 Exaudiatte.

170 4405 187 4429 s,
234 4357 276 4418 a.
323 4353 531 4417 Mittattibi.
