2940 4996
385 438 607 505 Conseorotio
626 435 784 504 Oleorum
800 446 836 500 etv
851 433 1068 501 Obrismotis.
1245 432 1310 497 253

149 628 287 707 vexilla,
314 629 411 713 quasi
443 649 539 693 sacro
570 625 854 712 quadragesimali
880 624 1012 709 jejunio
1039 623 1167 709 expiati
1197 626 1317 687 contra

149 737 307 796 versutas
330 731 455 796 diaboli
477 730 620 795 insidias
636 750 696 814 pro
712 728 910 812 deceptione
932 728 1032 813 primi
1049 725 1200 813 parentis
1224 725 1315 801 Adae,

149 833 277 899 Christi
289 834 466 900 victoriam
479 834 729 918 triumphantes
739 832 936 918 pugnaturi,
948 832 1002 896 vel
1015 830 1133 896 coelum
1145 851 1207 914 pro
1217 827 1315 913 lapsa

149 937 283 1023 legione
307 938 473 1002 violenter
494 936 666 1001 intraturi.
711 937 750 1001 In
776 934 924 999 secundo
947 954 1090 1019 quoque,
1111 932 1177 998 duo
1201 934 1318 997 subse·

151 1046 301 1125 quantur
322 1040 530 1116 ceroferarii,
548 1040 605 1124 qui
628 1039 722 1104 velut
744 1039 915 1103 coelestem
931 1037 1143 1123 proferentes
1160 1036 1316 1123 splendo-

150 1165 233 1219 rem,
256 1148 409 1209 sanotam
434 1144 669 1207 demonstrant
693 1142 871 1206 ecclesiam
898 1161 1000 1226 super
1026 1141 1157 1205 firmam
1182 1144 1315 1225 petram

152 1247 341 1313 stabilitam
357 1249 444 1312 sicut
467 1269 581 1312 arcam
603 1248 678 1312 Noe
695 1247 730 1309 in
745 1246 871 1310 diluvio
889 1245 1066 1322 salvatam,
1082 1246 1137 1310 vel
1152 1245 1312 1330 populum

150 1351 315 1435 gentium.
331 1372 411 1415 vero
427 1350 494 1413 diei
513 1349 638 1413 lumine
654 1371 743 1414 nunc
759 1349 1002 1426 illuminatum,
1017 1348 1070 1413 uti
1085 1355 1167 1413 tunc
1183 1368 1317 1412 omnem

151 1455 325 1519 nationem
348 1458 441 1518 tetra
460 1452 606 1538 caligine
622 1453 827 1536 absorptam.
873 1451 914 1515 ln
928 1452 1032 1516 tertio
1049 1472 1145 1535 aequa
1161 1453 1179 1491 ²*
1196 1471 1314 1534 aspor-

153 1562 272 1622 tentur
305 1557 582 1641 thymiamatoria
613 1577 653 1620 ac
684 1556 714 1619 si
746 1556 939 1620 holocausti
969 1555 1080 1619 cordis
1112 1554 1251 1620 contriti
1282 1558 1318 1618 et

152 1661 324 1726 humiliati
336 1660 479 1725 Domino
491 1660 731 1737 thurificaturi,
745 1660 833 1724 sicut
845 1660 1018 1724 Abraham
1036 1659 1071 1721 in
1083 1664 1163 1743 typo
1177 1656 1317 1733 Christi,

151 1784 214 1850 per
236 1763 443 1829 oblationem
459 1764 569 1839 Isaac,
585 1784 624 1827 ac
640 1766 679 1826 ut
700 1762 915 1846 patriarchas
930 1783 993 1847 per
1014 1760 1114 1825 iidem
1138 1765 1174 1825 et
1189 1759 1319 1824 devoti·

152 1889 261 1942 onem,
285 1866 357 1931 Deo
378 1865 414 1929 in
437 1865 574 1930 odorem
595 1865 779 1930 suavitatis
802 1865 1048 1950 complacuisse
1071 1863 1316 1950 cognoscimus.

150 1971 191 2035 ln
213 1974 336 2053 quarto
359 1968 494 2045 etenim,
518 1988 560 2032 ex
584 1968 735 2033 sacrario
762 1968 883 2033 divinae
907 1968 1085 2053 Scriptura
1109 1988 1210 2052 pares
1232 1966 1313 2031 libri

151 2072 355 2158 evangelicae
378 2071 471 2156 pacis
495 2071 672 2155 prodeant,
688 2071 927 2137 denuntiantes
942 2093 1057 2137 arcam
1079 2072 1207 2136 veteris
1229 2071 1317 2154 legis

152 2177 186 2240 in
203 2175 358 2260 passione
370 2174 506 2239 Domini
518 2175 677 2251 clausam,
690 2195 729 2239 ao
740 2174 951 2260 legislatoris
964 2175 1094 2260 Moysis
1110 2178 1318 2238 testamenta

153 2279 260 2343 scisso
276 2277 350 2341 velo
372 2277 538 2361 patuisse,
556 2276 654 2341 simul
680 2283 715 2342 et
729 2298 822 2341 novae
839 2277 956 2362 gratiae
978 2298 1018 2341 ac
1040 2277 1200 2341 veritatis
1216 2298 1317 2342 evan-

153 2381 278 2466 gelium
304 2379 449 2444 lucidius
473 2379 543 2444 sole
568 2401 630 2464 per
652 2380 770 2444 Jesurn
797 2378 969 2444 Christum
992 2379 1115 2464 ubique
1141 2380 1317 2445 claruisse.

154 2484 196 2546 Iu
212 2483 329 2567 quinto
354 2482 518 2566 siquidem
541 2488 613 2547 tres
628 2504 729 2566 quam
746 2483 888 2567 speciosi
911 2483 1187 2567 pronuntiatores
1209 2485 1318 2548 sancti

155 2586 323 2672 evangelii
357 2586 572 2663 comitentur,
607 2587 803 2651 sindonibus
837 2587 1087 2664 circumamicti,
1121 2593 1249 2664 ternas,
1281 2588 1317 2652 in

155 2691 289 2755 nomine
315 2690 443 2755 Sanctae
469 2689 660 2767 Trinitatis,
683 2696 761 2756 ante
784 2691 889 2756 facies
915 2712 994 2756 suas
1017 2690 1208 2775 bajulantes
1233 2712 1318 2775 quas

156 2817 259 2882 supra
273 2794 453 2860 retulimus
470 2794 647 2878 ampullas,
663 2817 805 2879 quarum
822 2797 893 2860 duae
916 2796 1088 2881 purissimi
1106 2796 1172 2861 olei
1187 2796 1317 2881 liquore

156 2904 256 2964 erunt
278 2899 420 2974 refertae,
445 2897 646 2983 singillatim
668 2899 711 2962 ad
738 2899 873 2985 singula
897 2899 1060 2985 mysteria
1086 2899 1317 2965 benedictione

156 3000 342 3088 pontificali
373 3000 616 3077 consecrandae,
647 3001 757 3085 prima
787 3022 866 3066 vero
896 3000 940 3066 ad
970 3001 1081 3068 oleum
1112 3002 1317 3066 infirmorum

156 3105 306 3191 perfecta
328 3102 494 3168 medicina
520 3104 562 3168 ad
589 3103 789 3189 effugandas
815 3125 948 3187 quoque
975 3105 1195 3190 agritudines
1218 3109 1254 3169 et
1276 3103 1318 3169 ad

156 3207 389 3272 remissionem
414 3211 639 3291 peccatorum,
656 3212 696 3272 ut
718 3227 779 3292 per
798 3206 989 3292 apostolum
1012 3207 1234 3272 instruimur:
1256 3208 1317 3272 Io·

150 3312 315 3393 firmatur
337 3312 415 3394 quis
437 3313 476 3374 io
500 3311 624 3373 uobis?
646 3319 822 3393 unguatur
848 3309 922 3375 oleo
944 3311 1099 3375 salutari
1125 3312 1163 3374 in
1183 3312 1317 3376 nomiae

156 3415 308 3490 Domini,
332 3418 365 3478 et
387 3413 571 3478 alleviabit
592 3435 667 3478 eum
689 3414 882 3493 Domiuos;
905 3424 938 3479 et
962 3416 995 3478 ai
1017 3415 1055 3478 io
1076 3416 1234 3495 peccatis
1258 3418 1316 3492 sit,
1354 3445 1357 3453 ·

156 3519 375 3582 dimittentur
397 3520 439 3583 ei.
486 3517 639 3583 Secunda
665 3522 778 3582 autem
803 3519 847 3584 ad
873 3517 984 3582 oleum
1010 3524 1175 3596 sanctum,
1200 3519 1315 3584 unctio

157 3620 349 3705 spiritualis
379 3622 421 3686 ad
456 3622 703 3686 confirmandos
740 3642 891 3704 quosque
922 3621 958 3684 in
990 3626 1127 3706 pectore
1161 3625 1196 3686 et
1228 3621 1318 3686 inter

157 3722 326 3807 scapulas,
342 3730 522 3808 antequam
538 3725 710 3811 baptizent
732 3723 885 3787 homines
908 3722 942 3786 in
960 3728 1171 3787 sacramento
1189 3723 1317 3809 baptis-

156 3827 260 3891 matis
294 3826 554 3912 regenerandos.
615 3825 732 3889 Tertia
763 3825 928 3908 siquidem
961 3824 1126 3907 liquidum
1160 3825 1318 3891 similiter

157 3928 344 3994 continebit
368 3928 487 4005 oleum,
511 3927 599 4012 quod
626 3927 768 3992 balsami
793 3926 1029 3992 commixtione
1056 3926 1180 3993 divinis
1207 3948 1317 3994 sacra·

158 4031 282 4096 mentis
305 4030 528 4117 purificatum,
547 4031 693 4095 chrisma
716 4030 883 4096 efficiatur
905 4029 1160 4109 sanctificatum,
1175 4031 1217 4096 ad
1239 4053 1316 4097 con·

159 4133 365 4200 secrationes
376 4133 632 4212 ecclesiasticas,
643 4134 684 4198 ad
701 4131 944 4219 promovendas
959 4133 1152 4218 dignitates,
1165 4136 1319 4201 omnibus

157 4238 260 4303 etiam
290 4237 333 4302 ad
363 4258 455 4321 spem
490 4237 600 4301 vivam
631 4239 666 4302 ¹et
694 4238 801 4303 beatae
833 4236 1102 4323 regenerationis
1130 4238 1316 4306 novitatem

156 4428 173 4460 ’ἓ
188 4413 291 4479 ²cluo-
298 4423 414 4477 Winton.
