2940 4996
564 388 627 449 Ad
645 387 838 452 Orcondum
853 381 1060 454 Ercmitam,

471 917 605 966 urruns
629 919 680 967 AD
704 918 908 967 OREANDUM
933 921 1137 970 nnuman.

263 1101 390 1167 Christi
421 1104 576 1168 fidelibus
608 1107 779 1169 universis
813 1113 998 1190 praesentes
1029 1108 1150 1173 literas
1177 1107 1386 1193 inspecturis

216 1205 255 1269 Ji
280 1206 316 1268 P.
348 1207 507 1271 Ecclesiae
544 1207 762 1272 Oathedralis‘
793 1209 950 1274 Dunelm.
987 1213 1131 1275 salutem
1167 1211 1203 1274 in
1238 1211 1384 1277 Domino

220 1309 469 1392 sempiternam.
516 1312 656 1375 Illorum
679 1312 846 1376 desiderio
870 1315 982 1378 votivo
1006 1314 1279 1378 condescendere
1297 1316 1385 1381 inter

219 1417 332 1475 cetera
347 1414 483 1496 pietatis
500 1435 602 1498 opera
613 1415 770 1479 duximus
786 1416 857 1479 fore
873 1417 1088 1501 praecipuum,
1102 1417 1160 1499 qui
1176 1418 1219 1480 ob
1236 1439 1382 1492 amorem

219 1515 335 1596 patriae
359 1516 505 1580 coelestis
528 1524 689 1601 tanquam
713 1519 841 1582 milites
865 1521 992 1604 egregii
1016 1525 1051 1583 et
1074 1520 1164 1582 omni
1187 1521 1282 1605 digni
1299 1544 1380 1606 prae·

216 1618 313 1681 conio
344 1641 419 1682 cum
446 1622 545 1684 hoste
576 1621 739 1684 invisibili
766 1643 985 1706 congressum
1015 1621 1213 1685 certaminis
1241 1625 1382 1708 cupiunt

216 1741 384 1785 exercere.
429 1723 534 1787 Fama
550 1724 723 1787 deferente
740 1724 873 1808 vulgari
887 1745 947 1807 pro
964 1744 1043 1787 vero
1060 1725 1277 1807 concepimus
1294 1729 1380 1810 quod

219 1823 355 1906 quidam
381 1823 419 1887 G.
448 1827 494 1888 M.
525 1826 616 1888 inter
643 1832 764 1890 caetera
789 1827 971 1910 probitatis
998 1847 1103 1910 opera
1127 1827 1252 1908 quibus
1280 1830 1385 1894 instat

219 1927 379 2009 quotidie,
396 1929 438 1991 ab
455 1929 594 2011 antiquo
611 1929 810 1992 decreverat
825 1929 866 1992 ad
883 1933 1019 2011 portum
1043 1928 1169 2010 qnietis
1185 1929 1327 1994 internae
1341 1933 1379 1996 de

218 2030 332 2092 mundi
358 2031 459 2113 hujus
486 2032 667 2116 naufragio
691 2031 799 2094 nudus
827 2031 982 2105 evadere,
1005 2031 1259 2115 fortissimaque
1286 2055 1379 2099 arma

219 2134 397 2197 eremiticae
413 2135 630 2217 perfectionis
648 2135 712 2198 sibi
729 2155 916 2210 assumere,
934 2135 996 2197 sub
1012 2154 1152 2217 quorum
1167 2138 1378 2217 protectione

219 2256 285 2298 non
303 2236 411 2300 solum
435 2238 570 2301 hostilis
586 2237 736 2299 feritatis
760 2236 972 2320 tyrannidem
995 2256 1030 2299 se
1055 2242 1171 2319 sperat
1186 2258 1382 2323 expugnare

216 2338 370 2414 viriliter,
387 2361 504 2401 verum
526 2340 629 2402 etiam
645 2341 745 2401 flores
768 2338 1067 2422 contemplationis
1084 2361 1151 2402 una
1174 2361 1249 2404 cum
1267 2345 1378 2407 fructu

218 2443 367 2507 honestae
384 2447 651 2509 conversationis
668 2447 729 2509 snb
746 2447 863 2509 horum
885 2447 1039 2529 praesidio
1055 2466 1192 2529 carpere
1209 2449 1317 2532 cupit,
1333 2450 1373 2514 ad

221 2547 324 2630 pedes
354 2547 488 2611 Domini
524 2549 644 2612 sedens
677 2549 896 2612 devotissime
930 2571 1005 2613 cum
1040 2549 1163 2612 Maria.
1223 2551 1377 2617 Instante

215 2651 352 2716 tandem
376 2659 566 2736 opportuno
589 2658 741 2735 tempore
764 2651 806 2715 ad
831 2657 981 2716 nostram
997 2651 1141 2715 accessit
1164 2656 1377 2735 praesentiam

216 2756 255 2821 G.
284 2759 454 2841 praefatus,
481 2757 656 2841 religionis
687 2757 838 2819 habitum
870 2762 989 2838 petens
1020 2755 1204 2832 humiliter,
1232 2762 1269 2822 et
1299 2760 1377 2842 quia

216 2862 325 2944 ipsum
358 2883 397 2924 ex
433 2861 544 2924 relatu
578 2861 725 2923 veridico
758 2859 1015 2944 fide-dignorum
1050 2861 1275 2942 comperimus
1310 2883 1375 2926 suae

216 2966 417 3029 stabilitatis
440 2966 622 3028 anchoram
646 2985 712 3026 non
729 2963 765 3025 in
780 2984 885 3026 arena
908 2982 1120 3045 supervacuae
1136 2963 1375 3029 mutabilitatis

216 3069 324 3131 sedin
342 3068 513 3130 soliditate
537 3067 670 3130 stabilis
688 3066 852 3149 propositi
876 3088 896 3129 a
916 3066 973 3127 diu
995 3065 1187 3149 reposuisse
1210 3066 1372 3146 totaliter,

214 3171 322 3233 eidem
347 3170 385 3232 G.
411 3171 452 3233 ad
474 3169 696 3252 multiplicem
720 3175 861 3252 rogatus
886 3169 938 3231 sui
961 3187 1164 3250 suorumque
1191 3189 1371 3234 am1corum

212 3275 421 3350 instantiam,
435 3274 587 3336 habitum
610 3271 813 3335 contulimus
837 3272 1045 3334 eremiticum
1060 3270 1187 3334 intuitu
1210 3274 1371 3338 caritatis.

213 3382 252 3443 ln
276 3382 393 3442 horum
418 3380 564 3442 omnium
587 3379 685 3441 fidem
710 3384 746 3441 et
767 3378 1007 3453 testimonium,
1022 3377 1086 3440 has
1100 3375 1222 3442 literas
1236 3385 1371 3444 nostras

213 3487 276 3552 sibi
294 3487 535 3561 concessimus,
554 3486 658 3569 sigilli
674 3485 859 3547 munimine
876 3485 1065 3547 roboratas.

269 3591 338 3654 Dat
368 3589 525 3653 Dunelm.
557 3590 581 3650 ii
612 3589 666 3651 die
697 3589 825 3652 mensis
857 3585 1075 3671 Septembris,
1105 3605 1195 3650 anno
1225 3585 1368 3664 Domini,

211 3694 390 3758 millesimo
405 3697 461 3758 dac.
