2940 4996
521 399 740 463 Consecrotio
758 399 873 482 Regiis.
1187 400 1252 463 221

139 600 220 658 Tunc
233 599 348 658 dicotur
357 622 441 680 super
454 623 516 661 euna
530 603 692 661 benedictio.

141 696 323 760 Benedicat
338 697 401 761 tibi
416 698 508 762 Deus
525 700 759 783 custodiatque
775 705 820 775 te,
834 704 868 764 et
883 699 970 763 sieut
985 703 1019 763 te
1035 699 1145 763 voluit
1160 720 1261 785 super

97 800 255 883 populum
273 822 370 864 suum
386 823 461 867 esse
483 824 609 888 regem,
625 805 675 879 ita
698 805 732 866 in
752 804 909 887 praesenti
933 802 1052 867 saeculo
1068 804 1199 868 felicem
1223 809 1256 867 et

98 908 228 965 eeternae
243 903 417 968 felicitatis
434 906 562 971 tribuat
577 928 652 970 esse
669 913 868 971 consortem.
915 908 1032 970 Amen.

143 1003 277 1069 Olerum
309 1029 347 1070 ac
378 1009 548 1093 populum,
576 1031 674 1093 quem
705 1031 768 1072 sua
797 1009 905 1073 voluit
935 1009 1168 1093 opitulatione,
1198 1012 1258 1072 tua

99 1109 271 1171 sanctione
289 1113 496 1195 congregari,
511 1133 572 1175 sua
587 1114 836 1196 dispensatione
850 1119 884 1176 et
895 1116 955 1175 tua
967 1111 1258 1175 administratione
1335 1134 1339 1140 ·

98 1231 159 1294 per
173 1212 335 1276 diuturna
350 1222 502 1298 tempora
517 1215 623 1279 faciat
636 1215 783 1279 feliciter
797 1214 990 1299 gubernari.
1036 1215 1154 1277 Amen.

141 1312 313 1396 Quatenus
336 1316 458 1379 divinis
479 1318 617 1380 monitis
639 1322 808 1400 parentes,
825 1316 1083 1380 adversantibus
1107 1316 1260 1380 omnibus

98 1421 260 1492 carentes,
278 1418 374 1480 bonis
390 1419 543 1481 omnibus
559 1419 792 1493 exuberantes,
811 1426 866 1481 tuo
883 1418 1024 1502 imperio
1039 1417 1130 1480 fideli
1146 1438 1257 1480 amore

98 1525 133 1582 et
148 1519 287 1603 imperio
304 1523 537 1605 obsequentes,
554 1528 588 1585 et
604 1523 638 1585 in
654 1522 810 1605 praesenti
828 1521 945 1585 saeculo
960 1522 1053 1606 pacis
1069 1521 1257 1605 tranquilli-

96 1627 167 1687 tate
194 1626 351 1689 fruantur
377 1633 412 1690 et
437 1633 547 1692 tecum
578 1635 778 1691 aeternorum
805 1627 927 1690 civium
957 1627 1126 1690 consortio
1152 1627 1255 1711 potiri

97 1734 299 1792 mereantur.
344 1731 462 1793 Amen.

143 1824 235 1908 Quod
251 1829 322 1911 ipse
338 1836 498 1914 praestare
511 1830 679 1915 dignetur.

141 1928 297 1988 Coronatus
311 1941 403 1989 nutent
424 1934 561 1991 osculetur
581 1935 728 2011 episcopos,
744 1953 762 1989 a
776 1933 876 2009 quibus
884 1941 949 2010 post
969 1933 1091 1992 ducatur
1103 1934 1256 2010 hontoniflce

100 2022 139 2079 ad
151 2025 243 2100 nepotc
256 2026 368 2098 solium,
383 2029 464 2086 choro
478 2037 592 2086 canente
606 2030 752 2106 hymnum,
767 2030 807 2088 Te
828 2030 923 2088 Deum
938 2029 1094 2088 laudamus.
1141 2028 1257 2098 Quoad

91 2122 183 2198 finem
192 2122 337 2197 perducto,
353 2123 431 2180 dicat
445 2123 484 2180 nol
497 2144 560 2180 eum
574 2125 812 2200 metropolitanus.

145 2217 205 2281 Sta
228 2222 262 2281 et
287 2219 395 2282 retine
418 2220 537 2283 amodo
564 2220 672 2283 locum
696 2241 793 2302 quem
820 2221 992 2302 hucusque
1014 2223 1156 2304 paterna
1184 2239 1256 2282 suc-

101 2322 251 2385 cessione
282 2323 434 2398 tenuisti,
466 2323 679 2386 haereditario
709 2323 834 2405 judicio
868 2324 929 2387 tibi
964 2323 1166 2407 delegatum,
1199 2343 1259 2407 per

99 2425 335 2489 auctoritatem
367 2426 428 2488 Dei
463 2426 712 2509 omnipotentis,
743 2431 777 2490 et
810 2432 1007 2510 praesentem
1041 2426 1255 2490 traditionem

100 2533 260 2604 nostram,
295 2528 424 2594 scilicet
457 2529 602 2592 omnium
640 2528 869 2612 episcoporum
904 2536 1155 2612 ceterorumque
1193 2529 1256 2593 Dei

100 2654 290 2710 servorum;
315 2640 350 2697 et
372 2639 496 2717 quanto
520 2634 644 2696 clerum
669 2633 776 2696 sacris
800 2633 963 2697 altaribus
986 2634 1257 2719 propinquiorem

99 2736 272 2820 perspicis,
293 2741 389 2799 tanto
413 2735 443 2799 ei
468 2737 632 2820 potiorem
659 2734 694 2797 in
721 2734 804 2799 locis
830 2738 987 2821 congruis
1011 2738 1170 2801 honorem
1197 2737 1258 2799 im·

100 2840 245 2923 pendere
271 2839 480 2914 memineris;
504 2842 670 2921 quatenus
692 2839 857 2902 mediator
884 2839 947 2903 Dei
975 2845 1009 2903 et
1030 2839 1201 2902 hominum
1225 2845 1259 2904 te

101 2942 318 3006 mediatorem
335 2942 418 3005 cleri
433 2945 467 3004 et
489 2941 598 3025 plebis
614 2941 647 3002 in
663 2942 727 3004 hoc
747 2941 843 3026 regni
869 2941 952 3004 solio
969 2942 1152 3017 confirmet,
1169 2948 1203 3005 et
1225 2942 1259 3004 in

99 3067 241 3130 regnum
272 3051 434 3109 aeternum
463 3064 606 3129 regnare
636 3044 749 3118 faciat,
775 3043 797 3107 J
800 3064 878 3107 esus
909 3044 1064 3107 Christus
1096 3044 1258 3109 Dominus

99 3157 227 3225 noster,
242 3171 301 3212 rex
317 3169 434 3232 regum
457 3152 492 3210 et
507 3148 661 3211 dominus
684 3147 937 3212 dominantium.
982 3148 1044 3231 Qui
1068 3170 1140 3211 cum
1156 3132 1261 3213 Patre

100 3260 134 3319 et
149 3255 278 3341 Spiritu
291 3253 413 3317 Sancto
426 3251 510 3316 vivit
526 3256 560 3316 et
574 3258 697 3336 regnat
708 3252 742 3314 in
755 3252 876 3316 saecula
888 3251 1095 3317 saeculorum.
1139 3255 1258 3318 Amen.
