2940 4996
513 376 696 439 Ordinatio
713 379 1017 441 Subdiaconoruni.

155 576 460 690 Ξ

204 706 428 768 Oura-mus.

274 809 460 871 Diaconos.
506 808 695 873 Flectamus
711 830 830 893 genua.
874 811 1047 892 Sequitur,
1064 811 1198 876 Levate.

522 911 687 970 Benedictio
705 912 953 972 Subdinconornin.

204 1006 344 1070 Domine
367 1013 491 1084 sancte,
513 1009 613 1072 Pater
634 1009 851 1092 omnipotens,
868 1014 987 1073 aeterne
1003 1011 1104 1087 Deua,
1120 1011 1312 1074 benedicere

157 1110 296 1194 dignare
326 1113 388 1174 hos
418 1111 560 1174 famulos
590 1117 676 1187 tuos,
704 1134 786 1194 quos
817 1113 857 1175 ad
889 1115 1029 1176 officium
1058 1115 1313 1177 subdiaconatus

158 1234 276 1276 vocare
301 1214 456 1298 dignatus
480 1235 535 1291 es;
559 1220 598 1277 ut
624 1237 680 1278 eos
705 1215 739 1277 in
766 1216 910 1278 sacrario
935 1222 992 1280 tuo
1018 1223 1131 1280 sancto
1159 1222 1311 1279 strenuos

158 1315 385 1398 sollicitosque
401 1317 543 1380 coelestis
567 1317 691 1380 militiae
708 1318 865 1382 instituas
889 1319 1106 1394 excubitores,
1124 1323 1311 1404 sanctisque

158 1418 323 1482 altaribus
338 1420 405 1482 tuis
420 1419 563 1482 fideliter
579 1420 849 1496 subministrent3
873 1426 907 1484 et
926 1422 1112 1503 requiescat
1136 1443 1235 1505 super
1255 1444 1312 1485 eos

160 1522 300 1605 spiritus
311 1521 479 1606 sapientiae
495 1527 529 1584 et
544 1521 744 1599 intellectus,
756 1523 892 1605 spiritus
909 1523 1037 1586 consilii
1054 1529 1087 1586 et
1099 1524 1312 1600 fortitudinis,

159 1625 299 1708 spiritus
327 1625 470 1688 scientiae
496 1629 531 1688 et
558 1625 705 1707 pietatis,
729 1631 764 1688 et
797 1625 928 1708 repleas
955 1646 1011 1688 eos
1039 1626 1156 1710 spiritu
1182 1627 1311 1690 timoris

157 1728 219 1805 tui,
245 1734 279 1792 et
305 1751 362 1792 eos
392 1729 574 1791 ministerio
601 1727 711 1791 divino
739 1728 920 1804 confirmes,
946 1735 983 1792 ut
1010 1729 1200 1811 obedientes
1224 1731 1312 1793 facto

158 1835 260 1913 atque
298 1832 386 1895 dicto
422 1836 588 1914 parentes,
626 1834 718 1893 tuam
756 1829 898 1915 gratiam
936 1837 1189 1915 consequantur.
1249 1833 1318 1896 Per·

156 1932 348 1996 Dominum.
393 1933 427 1995 in
443 1933 571 1996 unitate
588 1932 745 2016 ejusdem.

201 2035 229 2092 Τ
226 2057 281 2092 nnc
295 2035 391 2092 tradet
406 2035 445 2092 eis
458 2035 579 2109 sinentis
590 2036 623 2091 in
635 2034 753 2091 sinistro
767 2033 908 2110 episcopas
921 2035 1091 2110 manipnlos,
1108 2035 1211 2104 dicens,

213 2131 334 2215 Accipe
359 2129 562 2214 manipulum
586 2151 645 2212 per
667 2151 764 2212 quem
787 2128 981 2213 designatur
1003 2130 1132 2193 fructus
1153 2132 1312 2194 bonorum

159 2256 318 2317 operum;
342 2232 676 2318 impleministerium
697 2236 812 2294 tuum:
835 2235 953 2314 potens
970 2231 1055 2293 enim
1080 2238 1131 2296 est
1152 2232 1313 2296 Dominus

156 2342 197 2400 ut
220 2340 343 2420 augeat
363 2335 424 2398 tibi
445 2335 587 2418 gratiam
610 2333 643 2395 in
658 2334 733 2396 fine.
778 2332 840 2416 Qui
863 2334 946 2397 vivit
968 2339 1002 2399 et
1024 2340 1143 2418 regnat
1164 2333 1256 2398 Deus
1278 2335 1313 2396 in

160 2438 283 2502 saecula
299 2437 500 2501 saeculorum.

208 2542 279 2605 Pax
295 2541 365 2603 tibi.

205 2644 257 2701 Ad
270 2641 443 2699 induendum
458 2642 593 2710 truncum,
607 2640 685 2724 dicat
698 2639 848 2715 episcopus,

212 2740 334 2803 Induat
348 2743 381 2800 te
397 2737 558 2800 Dominus
575 2736 773 2800 vestimento
789 2735 917 2812 salutis,
934 2741 969 2800 et
983 2737 1174 2801 indumento
1196 2736 1318 2801 laetitiae

166 2842 348 2910 circumdet
363 2847 396 2904 te
413 2859 551 2923 semper.

212 2951 277 3017 Quo
296 2941 623 3021 indntnsf„stotion{le9ot
646 2941 799 3019 epistolem,
817 2948 842 2997 et
861 2948 992 3016 sequntur
1010 2949 1114 2998 troctns
1132 2942 1173 2999 uel
1193 2941 1319 3000 Alleluia

164 3066 232 3105 curn
246 3043 395 3120 sequentia.
439 3037 481 3096 Et
494 3040 627 3114 injnnyat
641 3059 679 3094 eis
697 3039 778 3094 bonos
792 3036 940 3093 eanonicus
955 3037 1079 3112 qnotidie
1093 3037 1233 3107 dicendos,
1250 3047 1275 3095 et
1289 3049 1320 3096 nt

165 3148 245 3200 orent
271 3161 326 3217 pro
357 3140 426 3215 i'qoso,
462 3134 670 3209 indnlyentiont
699 3154 743 3189 cx.
780 3133 891 3190 diernni
916 3132 1029 3208 primns
1063 3154 1157 3190 eornm
1190 3135 1319 3212 epistolas

164 3235 346 3294 audientibus
359 3231 538 3306 indnilyendo.

216 3329 337 3400 Deinde,
361 3335 425 3384 ante
452 3325 625 3400 eocnyelinni
652 3330 780 3380 oooentnr
807 3322 857 3398 qni
883 3319 1038 3379 ordinandi
1064 3330 1128 3379 snnt
1154 3323 1270 3380 diaconi
1296 3333 1321 3381 et

162 3426 253 3484 etiarn
266 3422 416 3480 sacerdotes
429 3421 515 3477 siinnl
528 3421 562 3476 ab
577 3418 783 3486 oreliidincona
798 3418 841 3474 ito
855 3416 968 3473 dicente.

210 3517 380 3582 Recedant
401 3515 456 3599 qui
479 3514 622 3577 ordinati
646 3519 723 3575 sunt
747 3511 964 3574 Subdiaconi:
989 3510 1146 3574 accedant
1162 3513 1215 3593 qui
1233 3512 1318 3574 ordi-

165 3621 267 3685 nandi
285 3625 362 3682 sunt
377 3617 524 3682 Diaconi.
