2940 4996
220 410 266 475 66
619 409 803 474 Dedicatio
819 405 992 473 Ecclesia.

263 664 1394 767 ἐξ-..ιμπ-

225 846 261 905 et
294 841 329 904 in
354 841 388 903 lo
404 877 417 889 ·
433 861 471 905 co
499 844 615 904 sancto
648 859 666 902 e
681 838 764 921 -jus
788 837 811 899 fi
827 874 841 887 ·
855 840 893 902 ut
913 832 1123 899 bene-dieti
1139 871 1153 882 -
1168 833 1277 897 o·nis
1307 853 1393 917 uug-

227 1002 414 1117 Ξ

227 1153 385 1212 mentum.

440 1301 644 1431 ff

274 1462 444 1526 Psalmus.
490 1460 629 1546 Ipsum.

270 1567 405 1642 Sequitur
418 1564 523 1622 itidem
535 1564 636 1622 oratio.

271 1662 435 1727 Dominus
450 1660 631 1725 vobiscum.

274 1766 425 1829 Oremus.

272 1866 412 1931 Domine
435 1863 537 1941 Deus,
553 1864 743 1949 redemptor
765 1864 970 1943 saeculorum,
985 1870 1020 1932 te
1042 1866 1216 1933 humiliter
1234 1866 1393 1954 petimus,

230 1974 269 2034 ut
284 1969 391 2033 nostri
405 1966 589 2032 famulatus
601 1967 793 2051 obsequium
809 1967 982 2052 suscipias,
992 1975 1027 2036 et
1040 1971 1129 2036 hune
1144 1970 1253 2035 locum
1269 1972 1397 2056 beneq<

231 2074 334 2146 dicas,
349 2076 515 2155 quatenus
536 2071 612 2134 hine
629 2092 725 2134 omne
747 2070 872 2134 mulum
887 2071 1044 2156 repellas,
1060 2078 1095 2137 et
1107 2079 1183 2158 tuae
1198 2073 1395 2158 beneffldiu·

230 2176 332 2241 tionis
349 2195 479 2257 semper
493 2179 708 2258 augmentum
723 2173 778 2237 hie
794 2174 951 2257 praebeus,
966 2196 1027 2259 per
1046 2176 1226 2239 Dominum
1241 2181 1396 2240 nostrum

230 2279 251 2344 J
254 2299 346 2343 esum
362 2276 533 2340 Christum
555 2276 678 2338 Filium
699 2280 805 2351 tuum,
822 2275 874 2339 eui
891 2281 943 2340 est
964 2277 1072 2340 honor
1092 2283 1128 2343 et
1148 2277 1259 2363 gloria
1281 2283 1394 2342 tecum

231 2382 266 2445 in
299 2380 428 2444 unitate
465 2378 610 2463 Spiritus
645 2377 758 2442 Sancti
788 2399 849 2462 per
878 2384 998 2445 cuneta
1032 2380 1152 2446 saeculu
1184 2381 1392 2446 saeeulorum.

232 2486 350 2547 Amen.

274 2584 370 2643 Tertio
390 2584 533 2660 epiecopus
552 2591 669 2662 sparpat
688 2603 772 2660 super
787 2583 912 2660 parietes
932 2591 958 2642 et
976 2604 1061 2662 super
1079 2585 1239 2666 culmenliu
1259 2587 1392 2660 circuitu,

232 2700 296 2738 cum
309 2679 362 2736 tue
376 2678 541 2755 antiphona.

232 2944 337 3069 —Qui
352 3005 387 3048 re
405 3020 418 3031 -
433 2983 486 3068 gis
506 2983 580 3046 Isra
595 3021 609 3032 ·
625 2983 668 3060 el,
683 2983 858 3059 in-ten·de‚
875 3004 990 3066 su-per
1004 2983 1046 3046 do
1060 3021 1075 3034 -
1090 3005 1179 3046 mum
1202 2983 1318 3050 is-tam
1334 2987 1393 3071 qui

232 3131 1395 3267 Q

231 3292 396 3360 de-du-eis
412 3291 521 3356 velut
541 3311 652 3355 0-vem
673 3290 692 3355 J
696 3313 715 3355 0
731 3328 745 3340 ·
762 3291 854 3375 seph,
870 3312 956 3375 auge
986 3291 1022 3354 in
1048 3312 1096 3355 e·
1110 3314 1132 3357 a
1167 3294 1209 3358 be
1223 3331 1238 3344 ·
1252 3316 1311 3359 ne·
1325 3295 1395 3361 dic-

228 3459 1397 3612 ’,ἔξω

230 3642 258 3705 ti
275 3679 288 3690 -
304 3659 450 3703 -0-nem
466 3642 600 3709 tuum,
617 3634 673 3717 qui
697 3635 807 3698 se-des
823 3655 923 3719 super
946 3634 1156 3711 che-ru-bim,
1191 3657 1256 3700 ex.
1281 3674 1296 3687 .
1311 3660 1355 3702 au
1380 3677 1395 3690 .

231 3775 1352 3902 m

231 3933 266 3996 di
331 3952 391 4016 pre
406 3969 419 3980 -
436 3952 491 3994 ees
507 3929 633 4014 sup-pli
648 3967 661 3978 -
678 3950 751 3992 eum
767 3928 801 3990 in
817 3948 834 3990 e
850 3965 863 3978 ·
879 3949 900 3991 a
914 3927 991 3992 ti-bi
1020 3928 1237 3995 con-fi-ten-ti
1252 3970 1267 3983 -
1282 3955 1349 3999 um.

478 4063 1013 4199 Q

275 4223 446 4289 Psulmus.
493 4223 618 4307 Ipsum.
665 4243 735 4285 eu
766 4242 785 4284 o
815 4243 838 4284 u
868 4241 889 4285 u
918 4242 947 4287 e.

268 4328 403 4406 Sequitur
415 4326 507 4385 oratio
521 4326 561 4383 ad
575 4325 679 4384 ostium
696 4324 815 4382 eeclesiae
828 4331 980 4401 autequam
992 4324 1183 4401 iuqrediutur.
