2940 4996
567 386 787 450 Coasecrotc'o
804 386 919 470 Rapis.
1251 383 1321 456 275,

156 590 215 648 tuo
226 585 399 669 juvamine
410 588 548 674 dirigas,
560 594 727 673 quatenus
739 591 779 654 de
792 590 967 675 temporali
982 612 1086 677 regno
1098 592 1141 656 ad
1156 599 1316 656 aternum

155 709 295 773 regnum
310 693 497 775 pervenias,
513 694 587 778 ipso
610 694 790 777 adjuvante
814 697 910 779 cujus
925 716 1066 781 regnum
1089 701 1123 760 et
1138 694 1314 780 imperium

157 793 229 858 sine
245 795 309 859 fine
324 803 500 881 permanet
514 797 549 862 in
565 799 686 863 saecula
703 799 908 864 saeculorum.

199 896 301 955 Oratio
314 919 398 975 saper
411 920 502 975 regem
514 909 664 979 postquam
677 901 778 959 dotum
784 901 880 978 faerit
893 904 921 959 ei
933 910 1080 980 sceptrum.
1203 944 1205 946 v

203 993 367 1071 Omnium,
379 996 534 1073 Domine,
549 997 626 1061 fons
641 999 813 1076 bonorum,
824 1004 1094 1083 cunctorumque,
1106 999 1209 1076 Deus,
1221 998 1316 1064 insti-

158 1102 252 1162 tutor
273 1099 495 1182 profectuum,
511 1101 631 1178 tribue,
651 1122 848 1186 quaesumus,
866 1101 992 1166 famulo
1015 1107 1074 1166 tuo
1096 1101 1146 1165 ill.
1161 1103 1316 1186 adeptam

157 1203 241 1266 benc
272 1223 389 1287 regere
420 1203 630 1289 dignitatem,
661 1210 696 1270 et
726 1227 748 1270 a
776 1210 811 1269 te
843 1206 906 1269 sibi
936 1206 1123 1289 prastitum
1154 1207 1315 1269 honorem

156 1306 297 1391 dignare
327 1308 555 1372 corroborare.
600 1308 797 1373 Honorifica
826 1330 902 1372 enm
928 1329 995 1392 prae
1023 1310 1151 1373 cunctis
1180 1309 1317 1395 regibus

157 1410 351 1486 Britannia,
367 1411 462 1474 uberi
478 1432 553 1474 eum
576 1413 805 1476 benedictione
823 1411 1001 1497 locupleta,
1017 1418 1051 1477 et
1073 1413 1109 1477 in
1124 1412 1207 1477 solio
1222 1411 1317 1489 regni
1417 1493 1421 1502 Ι

158 1513 255 1577 firma
270 1514 457 1579 stabilitate
481 1514 661 1580 consolida.
707 1516 822 1581 Visita
841 1537 917 1580 eum
938 1515 974 1593 in
997 1515 1121 1593 sobole,
1138 1521 1173 1580 et
1193 1522 1317 1601 praesta

158 1617 189 1680 ei
205 1616 434 1700 prolixitatem
457 1618 543 1682 vita.
589 1619 629 1682 In
645 1619 763 1683 diebus
780 1620 853 1703 ejus
870 1619 1101 1703 superoriatur
1112 1619 1263 1702 justitia,
1280 1628 1319 1682 ut
1356 1694 1360 1700 ἱ

158 1741 233 1783 eum
244 1722 453 1804 jocunditate
470 1728 504 1785 et
517 1721 636 1787 laetitia
651 1728 774 1786 aeterno
786 1723 951 1808 glorietur
965 1723 1000 1785 in
1015 1743 1129 1808 regno.
1174 1723 1248 1786 Per.

200 1821 262 1882 Hr'c
275 1825 337 1901 regi
348 1825 432 1901 virga
446 1826 536 1897 detur,
551 1826 630 1902 eique
643 1826 769 1884 dicotur.

218 1920 344 2005 Accipe
374 1921 505 2005 virgam
536 1919 674 1985 virtutis
708 1926 810 2005 atque
841 1921 1021 2004 aequitatis,
1052 1942 1119 2003 qua
1148 1920 1321 2007 intelligas

156 2021 303 2087 mulcere
319 2023 403 2108 pica,
420 2030 456 2087 et
472 2029 598 2086 terrere
615 2025 795 2107 reprobos;
819 2030 974 2088 errantes
990 2025 1079 2089 viam
1095 2024 1186 2100 doce,
1197 2023 1317 2109 lapsis·

157 2149 222 2211 que
235 2149 369 2192 manum
380 2129 523 2213 porrige,
536 2128 777 2213 disperdasque
791 2130 964 2212 superbos,
975 2137 1011 2194 et
1021 2128 1154 2193 releves
1165 2128 1321 2206 humiles,

160 2236 200 2296 ut
215 2232 346 2316 aperiat
359 2232 421 2296 tibi
437 2233 559 2296 ostium
581 2232 602 2296 J
605 2253 683 2296 esus
700 2231 859 2296 Christus
881 2231 1044 2297 Dominus
1059 2239 1185 2309 noster,
1201 2233 1259 2316 qui
1281 2233 1322 2297 de

159 2357 196 2399 se
212 2337 285 2421 ipso
298 2337 356 2412 ait,
372 2336 444 2421 Ego
468 2357 541 2399 sum
557 2337 694 2424 ostium,
710 2357 772 2420 per
793 2358 846 2399 me
872 2336 900 2400 si
924 2337 1001 2420 quis
1016 2336 1187 2400 introierit
1211 2335 1320 2400 salva·

159 2440 268 2503 bitur:
292 2444 326 2503 et
341 2440 414 2523 ipse
433 2439 489 2523 qni
505 2445 559 2504 est
574 2439 679 2503 clavis
696 2439 805 2503 David
823 2447 857 2503 et
874 2446 1043 2524 sceptrum
1066 2439 1185 2503 domus
1200 2439 1320 2516 Israel,

161 2543 219 2626 qui
242 2542 352 2626 aperit
374 2549 409 2606 et
435 2562 531 2606 nemo
558 2543 695 2619 claudit,
720 2541 849 2606 claudit
871 2550 905 2606 et
927 2564 1025 2606 nemo
1049 2541 1168 2626 aperit,
1192 2542 1238 2606 sit
1260 2543 1322 2606 tibi

161 2646 305 2728 adjutor,
330 2647 387 2729 qui
411 2645 523 2709 educit
549 2646 696 2709 vinctum
722 2646 762 2709 de
787 2646 884 2708 domo
911 2647 1066 2722 carceris,
1091 2646 1261 2710 sedentem
1287 2645 1321 2708 in

158 2750 306 2813 tenebris
322 2757 357 2814 et
373 2750 490 2813 umbra
510 2748 638 2825 mortis,
654 2757 692 2813 ut
715 2751 748 2812 in
773 2751 927 2813 omnibus
944 2750 1038 2834 sequi
1060 2749 1221 2813 merearis
1244 2769 1319 2812 eum

160 2856 200 2919 de
224 2877 289 2940 quo
313 2855 477 2940 propheta
498 2854 607 2919 David
631 2855 761 2930 cecinit,
784 2854 887 2919 Sedes
909 2861 970 2919 tua
992 2854 1085 2918 Deus
1107 2854 1141 2917 in
1165 2853 1320 2917 saeculum

163 2961 286 3037 saeculi,
309 2961 405 3045 virga
429 2964 524 3024 recta
547 2965 601 3023 est
622 2960 718 3043 virga
742 2958 838 3042 regni
860 2958 921 3022 tui.
966 2958 1106 3022 Imitare
1130 2959 1239 3043 ipsum
1264 2957 1321 3041 qui

157 3066 250 3142 dicit,
263 3065 394 3149 Diliges
406 3063 587 3145 justitiam,
604 3069 639 3126 et
653 3062 728 3125 odio
744 3062 872 3125 habeas
887 3062 1117 3146 iniquitatem
1141 3070 1321 3145 propterea

158 3171 257 3234 unxit
279 3177 314 3234 te
339 3169 431 3232 Deus
454 3168 546 3231 Deus
570 3172 651 3231 tuus
678 3165 752 3229 oleo
780 3164 921 3229 laetitiae:
945 3165 988 3228 ad
1012 3163 1201 3248 exemplum
1226 3163 1320 3227 illius

160 3295 258 3358 quem
293 3284 371 3337 ante
403 3270 524 3334 saecula
558 3274 701 3333 unxerat
734 3288 800 3352 prae
835 3267 1056 3353 participibus
1090 3267 1172 3343 suis,
1201 3267 1318 3332 lesum

161 3379 334 3442 Christum
351 3375 527 3439 Dominum
544 3376 709 3436 nostrum.

201 3479 379 3538 Benedictio.

203 3575 376 3641 Extendat
391 3575 602 3657 omnipotens
619 3572 782 3636 Dominus
797 3571 969 3635 dexteram
985 3591 1052 3634 suae
1068 3570 1321 3647 benedictionis,

160 3690 195 3749 et
211 3682 361 3746 effundat
378 3700 480 3765 super
502 3685 536 3743 te
553 3679 677 3743 donum
693 3699 759 3742 suae
783 3676 1014 3761 protectionis,
1032 3683 1065 3739 et
1088 3675 1271 3740 circumdet
1286 3680 1319 3740 te

160 3809 255 3851 muro
277 3785 452 3849 felicitatis
467 3804 506 3846 ac
522 3782 676 3846 custodia
696 3803 763 3846 suae
780 3778 1041 3865 propitiationis,
1058 3783 1181 3843 sanctae
1203 3778 1319 3843 Maria

160 3914 200 3957 ac
237 3889 330 3955 beati
366 3888 459 3952 Petri
498 3884 727 3971 apostolorum
764 3881 925 3969 principis
962 3881 1135 3966 sanctique
1169 3880 1323 3966 Gregorii

157 3995 344 4080 Anglornm
359 3991 504 4077 apostoli
527 3995 628 4074 atque
652 3989 799 4053 omnium
820 3991 1013 4051 sanctorum
1035 3985 1321 4050 intercedentibus

160 4100 301 4165 meritis.
346 4100 469 4160 Amen.

204 4202 386 4287 Indulgeat
401 4200 463 4265 tibi
479 4199 644 4263 Dominus
661 4196 773 4260 omnia
789 4195 880 4258 mala
895 4214 966 4277 quae
983 4191 1132 4277 gessisti,
1149 4193 1327 4259 attribuat

157 4309 221 4374 tibi
237 4307 381 4392 gratiam
400 4311 436 4370 et
456 4301 718 4368 misericordiam
736 4320 836 4384 quam
853 4296 1027 4361 humiliter
1042 4296 1086 4360 ab
1108 4317 1147 4359 ec
1163 4296 1326 4382 deposcis,

250 4411 312 4477 34*
