2940 4996
422 615 669 681 ORDINATIO
688 617 1055 684 EXOROISTARUM.

202 783 289 854 Tunc,
316 786 384 842 lecta
407 788 527 843 secunda
552 788 664 845 lectione
688 809 752 845 cum
775 789 899 864 yradali,
925 799 949 848 et
975 792 1052 849 dicta
1074 792 1158 848 tertia
1182 793 1320 864 oratione,

162 876 239 934 dicat
253 879 474 937 archidiaconus.

202 974 370 1037 Accedant
384 976 441 1056 qui
457 975 628 1038 ordinandi
645 982 722 1039 sunt
737 976 927 1040 Exercistae.

203 1074 282 1131 Tunc
311 1076 442 1132 accedant
469 1077 519 1152 qni
545 1077 701 1135 ordinandi
720 1085 784 1134 sant
806 1078 954 1136 exorciaoe.
995 1077 1037 1136 Et
1061 1078 1154 1138 sedens
1178 1080 1258 1137 dicat
1278 1081 1318 1137 eis

160 1168 310 1244 episcopas.

202 1264 383 1328 Exorcistae
397 1266 553 1349 competit
569 1266 712 1349 abjicere
728 1266 902 1341 daemones,
919 1271 952 1328 et
967 1265 1075 1330 dicere
1091 1267 1214 1350 populo
1232 1267 1319 1352 ‘Qui

158 1387 223 1429 non
239 1367 459 1430 communicat
473 1367 530 1430 det
544 1366 672 1442 locum,’
689 1372 722 1430 et
737 1388 857 1450 aquam
874 1368 907 1429 in
922 1368 1105 1431 ministerio
1122 1369 1273 1432 fundere.

211 1466 252 1525 Et
267 1468 363 1525 tradat
376 1469 415 1525 eis
429 1469 571 1546 episcopan
589 1477 666 1526 stares
688 1469 791 1525 libram
811 1469 844 1525 c‘n
864 1490 918 1546 qno
931 1471 1031 1547 scripti
1051 1479 1116 1527 sarit
1137 1469 1314 1542 Exercismi,

160 1561 243 1619 modo
257 1583 310 1638 quo
323 1583 420 1640 sopra,
437 1563 540 1621 dicens.

203 1656 352 1740 Accipite
379 1663 412 1720 et
435 1656 659 1720 commendate
681 1655 855 1732 memoria,
875 1664 911 1721 et
932 1658 1089 1722 habetote
1112 1663 1315 1742 potestatem

159 1759 347 1842 imponendi
370 1779 487 1823 manus
516 1779 616 1843 super
645 1779 893 1843 energumenos,
921 1760 990 1824 sive
1020 1761 1216 1844 baptizatos,
1245 1761 1314 1824 sive

161 1861 422 1925 catechumenos.

546 1961 684 2037 Proesnta'o
699 1961 924 2021 anrcistnrom.

204 2213 268 2277 De·
279 2234 348 2275 ·nm
364 2214 496 2277 Patrem
520 2213 817 2296 omni-potentem,
834 2213 956 2276 fratres
972 2214 1175 2290 carissi-mi,
1189 2215 1315 2298 snppli-¹

160 2325 1314 2388 W

160 2495 215 2537 ces
244 2473 496 2557 <le-precemur,
526 2475 564 2532 ut
592 2470 654 2532 hos
684 2469 855 2534 famu-los
886 2492 1004 2534 sonos
1038 2466 1311 2541 be-ueffldicere

160 2603 1307 2646 -ι-ι-Η-ι-ι-ι-Ι-ι-ι-Η--ι-ι--ι-Η-ι-ι-

159 2732 329 2816 digne-tur
343 2729 377 2790 in
394 2727 566 2790 of·fiei·um
582 2729 882 2805 exorcista-rum
906 2734 944 2791 ut
960 2729 1028 2793 sint
1044 2730 1206 2814 spi-ri-tu-
1216 2753 1251 2795 a·
1262 2732 1312 2797 les

159 2990 418 3071 impera-tores
444 2983 485 3047 ad
512 2984 770 3067 ab-ji-ci-en-dos
796 2984 988 3048 dae-mo-nes
1011 2986 1052 3048 de
1075 2989 1311 3071 cor-poribus

157 3099 1276 3218 Q

158 3245 341 3319 obaeu-sis,
357 3265 431 3307 cum
454 3244 542 3306 omni
564 3242 780 3327 nequi-tia
802 3264 869 3306 e-o·
880 3264 967 3306 -rum
989 3244 1240 3311 mul-ti-for-mi.

156 3358 413 3475 Q

200 3506 401 3569 O··re-mus.
447 3504 631 3567 Diaconos.
679 3503 869 3567 Flectamus
902 3503 1090 3568 etLevate.

489 3605 687 3669 Benedictio
702 3607 974 3669 Enorciatarnm.

198 3712 337 3775 Domine
349 3715 472 3785 sancte,
486 3711 586 3773 Pater
602 3712 819 3795 omnipotens,
830 3716 950 3774 aeterne
963 3711 1064 3787 Deus,
1077 3712 1310 3786 beneffldieere

154 3815 290 3898 dignare
310 3814 372 3875 hos
392 3812 534 3875 famulos
556 3817 633 3875 tuos
652 3814 685 3875 in
708 3813 812 3877 officio
836 3815 1084 3890 exorcistarum,
1106 3822 1146 3879 ut
1167 3838 1227 3901 per
1249 3820 1310 3882 im-

155 3919 351 4003 positionem
372 3938 528 3979 manuum
549 3923 583 3980 et
600 3918 667 3980 oris
689 3917 839 3994 officium,
855 3922 1054 4001 potestatem
1077 3924 1111 3982 et
1131 3919 1307 4004 imperium

154 4022 298 4085 habeant
310 4019 446 4103 spiritus
458 4020 642 4082 immundos
655 4020 837 4095 coercendi3
857 4026 894 4083 nt
905 4020 1093 4104 probabiles
1107 4023 1174 4086 sint
1189 4026 1307 4091 medici

152 4123 297 4186 ecclesia
312 4126 376 4185 tuae
398 4121 509 4206 gratia
531 4123 737 4187 curationum
753 4123 940 4208 virtuteque
964 4124 1088 4188 coelesti
1111 4127 1307 4194 confirmati.

154 4228 218 4289 Per
233 4224 422 4288 Dominum.
