2940 4996
211 415 252 476 88
588 409 767 470 ὒεᾱίεαίἱο
786 407 984 469 Coemeterii.

197 601 390 685 corporibus
411 619 541 683 quoque
565 598 598 660 in
621 597 684 658 hoc
704 594 890 658 coemeterio
912 591 1158 678 quiescentibus
1189 594 1226 655 et
1248 590 1364 653 tubam

198 706 296 790 primi
310 703 502 788 archangeli
517 703 571 765 hio
586 699 869 784 exspectantibus,
885 696 1145 763 consolationem
1166 699 1363 780 perpetuam

203 807 346 892 largitor
360 806 540 891 impertire.

247 909 326 966 Tunc
339 908 535 966 cantuaritae
548 905 715 982 antiphona.

206 1023 1368 1177 ξ-ἐὶ-ὓῗ-ωῄ

246 1197 416 1282 Exsurget
430 1199 481 1262 De
496 1237 510 1246 -
525 1219 565 1260 us
581 1199 623 1261 ad
639 1200 744 1262 nostri
766 1199 873 1261 fa-mu
889 1195 952 1257 -la-
967 1198 1024 1257 tus
1046 1190 1213 1273 obse-qui
1229 1229 1243 1238 -
1259 1213 1316 1253 um
1331 1195 1368 1256 ec

203 1457 238 1519 in
266 1456 316 1520 lo·
330 1478 369 1521 co
385 1463 500 1520 sancto
533 1478 550 1520 e
564 1455 642 1536 -jus
657 1457 680 1518 fi
695 1493 709 1505 ·
724 1461 761 1519 at
775 1452 1001 1518 bene-dicti·
1017 1473 1037 1514 o
1053 1450 1120 1514 -nis
1135 1455 1365 1535 augmentum.

424 1557 612 1685 ἓ

249 1715 420 1777 Psalmuo.
465 1714 590 1798 Ipsum.

245 1829 316 1889 Post
329 1833 385 1889 boec
398 1831 540 1908 episcopua
554 1831 594 1887 ud
606 1831 774 1889 occszarotem
787 1852 889 1901 ueram,
906 1831 996 1887 dicat.

245 1926 396 1989 Oremus.
441 1925 631 1988 Flectamus
648 1947 766 2009 genna.
813 1925 956 1989 Levate.

253 2029 383 2094 Oratio.
428 2028 567 2091 Domine
584 2033 708 2102 sancte,
725 2028 944 2112 omnipotens,
960 2026 1050 2091 trina
1065 2025 1227 2109 majestas
1242 2030 1278 2091 et
1300 2048 1369 2097 una

207 2131 335 2205 Deitas,
358 2131 458 2194 Pater
484 2135 519 2194 et
541 2130 647 2192 Filius
674 2135 709 2193 et
736 2131 879 2213 Spiritus
908 2128 1059 2201 Sanctus,
1078 2128 1219 2210 justitiae
1241 2135 1369 2206 auctor,

206 2235 309 2298 venire
325 2233 476 2316 largitor,
490 2234 650 2296 bonorum
673 2233 780 2307 dator,
797 2231 987 2295 sanctitatis
1009 2230 1113 2313 origo,
1129 2231 1369 2294 charismatum

208 2337 415 2409 distributor,
432 2334 643 2416 omniumque
658 2335 701 2398 ad
715 2341 749 2398 te
765 2334 968 2397 venientium
984 2333 1059 2416 pius
1073 2338 1235 2415 receptor,
1247 2339 1373 2416 praesta

208 2439 373 2524 propitius
396 2443 435 2500 ut
456 2437 517 2501 hoc
540 2438 763 2501 eoemeterium
787 2437 820 2498 in
844 2438 1003 2499 honorem
1027 2434 1133 2499 saneti
1154 2436 1296 2498 nominis
1319 2439 1371 2500 tui

208 2540 427 2622 compositum
442 2541 670 2618 beneffatieere
683 2545 716 2603 et
732 2539 973 2616 sanctiffificare
987 2537 1143 2622 digneris,
1155 2537 1211 2620 qui
1226 2539 1371 2603 Abrahae

211 2643 407 2726 patriarchae
436 2643 561 2705 famulo
591 2648 650 2705 tua
674 2647 800 2705 terram
830 2663 850 2705 a
875 2640 954 2703 tiliis
979 2640 1118 2702 Hebron
1143 2647 1370 2723 comparatam

213 2764 315 2807 causa
341 2744 517 2827 sepulturae
543 2744 760 2818 benedixisti;
788 2750 821 2805 et
848 2743 905 2825 qui
934 2741 1056 2825 populo
1083 2740 1269 2805 Israelitico
1295 2764 1373 2826 pro-

212 2845 381 2908 missionis
407 2845 561 2908 tellurem
588 2846 622 2907 in
648 2867 716 2908 aevo
743 2845 916 2908 durantem
944 2842 1148 2918 concessisti,
1170 2842 1372 2907 famulorum

214 2947 479 3030 famularumque
509 2954 641 3011 tuarum
672 2947 864 3030 corporibus
894 2946 928 3008 in
955 2946 1017 3008 boc
1047 2946 1233 3009 coemeterio
1262 2946 1374 3029 quies-

213 3050 373 3125 centibus,
390 3071 588 3132 quaesumus,
605 3054 642 3112 ut
664 3050 788 3133 quietis
813 3048 924 3111 sedem
948 3052 982 3110 et
1003 3048 1046 3111 ab
1068 3049 1158 3109 omni
1180 3049 1373 3113 incursione

206 3151 375 3215 malorum
393 3151 568 3234 spirituum
584 3156 735 3214 tutamen
750 3151 914 3234 benignus
929 3149 1071 3234 largitor
1086 3150 1225 3226 tribuas,
1241 3156 1280 3215 ut
1294 3156 1374 3235 post

214 3255 397 3319 animarum
414 3274 650 3337 corporumque
666 3253 942 3317 resurrectionem
955 3252 1174 3316 coadunatam
1188 3274 1262 3316 cum
1279 3275 1375 3317 sanc-

213 3358 258 3422 tis
268 3357 346 3432 tuis,
357 3364 390 3420 te
403 3357 546 3419 donante
558 3361 657 3439 atque
670 3357 877 3430 concedente,
886 3354 1122 3419 beatitudinem
1136 3355 1373 3440 sempiternam

213 3459 381 3543 percipere
397 3478 591 3520 mereamur.
636 3458 700 3520 Per
715 3457 864 3521 eundem.

255 3561 328 3617 Tam
342 3568 469 3617 cantetur
481 3560 539 3616 hoec
552 3559 718 3634 antiphona.

259 3845 320 3928 Qui
342 3845 503 3907 ba-bi-tat
517 3844 551 3905 in
574 3844 719 3926 ad-ju-to
731 3882 742 3892 -
754 3843 782 3904 ri
799 3880 812 3891 ·
836 3864 856 3906 o
900 3841 1111 3905 Al-tis-si-mi
1134 3841 1168 3905 in
1184 3845 1369 3928 pro-teeti·

150 4013 152 4018 =
215 3932 1100 4083 {effi

218 4099 389 4164 o-neDe
420 4100 459 4160 -i
490 4122 593 4162 coe--
624 4100 649 4161 li
679 4099 1064 4163 com-mc-ra·bi·tur.

428 4218 693 4335 ff

262 4357 431 4422 Psalmuo.
477 4357 599 4440 Ipsum.
