2940 4996
157 414 222 476 380
461 421 712 485 inthronisctia
729 421 1004 504 Arcbirpiscopi.

198 588 244 652 Et
266 590 300 652 in
324 596 488 657 cantando
513 596 635 660 dietam
652 597 870 680 antiphonam
886 597 1083 673 dirmetum
1106 593 1305 678 priusquam

153 695 345 777 incipietur,
376 697 532 762 dominus
564 700 720 763 Decanus
755 700 948 784 accipiendo
981 699 1150 762 dominum
1184 695 1307 761 Archi-

155 799 346 882 episeopum
375 824 435 887 per
465 825 612 880 manum,
639 805 749 888 ipsum
780 804 925 868 adducet
950 803 992 867 ad
1023 825 1118 866 suum
1148 803 1309 866 thronum

149 903 248 985 juxta
264 905 371 967 altare
385 902 553 991 magnum,
567 929 627 993 pro
640 909 714 992 ipso
726 908 907 972 honorifice
920 908 1120 981 ordinatum,
1132 913 1167 970 et
1182 895 1306 969 ibidem

155 1027 255 1090 super
291 1011 586 1096 Arebiepiscopum
609 1001 702 1076 ¹‘ante
736 1014 895 1077 thronum
930 1035 1026 1077 suum
1062 1013 1104 1077 ad
1138 1009 1306 1095 quoddam

155 1111 338 1176 scabellum
378 1123 584 1198 prostratum
623 1119 793 1182 orationes
828 1139 903 1180 cum
938 1117 1115 1181 versieulis
1150 1115 1308 1199 superius

156 1216 283 1280 notatis
300 1218 496 1283 solemniter
512 1221 714 1286 decantabit.

219 1319 350 1404 Quibus
385 1324 575 1388 decantatis
613 1326 770 1409 praefatus
809 1325 963 1389 dominus
1000 1322 1156 1386 Decanus
1195 1321 1306 1407 ipsum

154 1421 323 1488 dominum
345 1428 642 1513 Archiepiscopum
657 1429 692 1491 in
709 1430 867 1492 thronum
884 1450 979 1493 suum
996 1428 1122 1491 ducens
1138 1426 1230 1488 dicet
1245 1425 1308 1488 sub

157 1528 355 1592 hacforma.
1060 1538 1064 1547 “

196 1632 236 1689 In·
249 1633 307 1689 Dei
320 1634 433 1692 noniine
448 1634 549 1692 Amen.
593 1635 771 1693 Auctoritotc
785 1634 908 1710 ejusdem
922 1643 947 1692 et
961 1635 1044 1710 hujus
1054 1642 1157 1692 sunctae
1171 1633 1307 1692 Ecclesiae

160 1726 246 1785 Ebor.
259 1751 307 1786 nos
321 1728 363 1787 N.
381 1728 515 1787 Deecnus
526 1732 609 1788 istius
622 1731 756 1788 Ecclesiae
772 1730 859 1788 Ebur.
875 1752 920 1788 uas
935 1730 1130 1788 Reverendum
1144 1731 1178 1788 in
1193 1729 1306 1788 Christo

156 1833 269 1901 patrem
289 1834 314 1882 et
334 1825 481 1882 dominum
505 1835 632 1883 nostrum
655 1827 804 1884 (lentinum
824 1825 866 1884 N.
890 1827 987 1903 pratia
1007 1826 1066 1886 Dei
1087 1825 1175 1883 Ebor.
1201 1824 1307 1883 Arcisi-

159 1921 327 1998 epimopnm,
358 1923 476 1998 Ansplice
503 1923 662 1981 Primctem
685 1932 710 1981 et
737 1923 910 2000 Apostolicae
936 1923 1009 1980 seclis
1036 1923 1168 1998 temetum,
1196 1922 1229 1978 in
1256 1922 1307 1978 dac

158 2027 336 2075 sacrosancta
345 2019 405 2076 secla
412 2019 512 2096 prima
522 2028 546 2076 et
555 2020 760 2097 metropolitica
771 2019 854 2094 liujus
862 2027 965 2077 sanctae
977 2017 1112 2075 Ecclesiae
1121 2018 1307 2076 Eboracensis

159 2112 391 2184 inthronizamus,
413 2115 603 2185 installomus,
624 2123 649 2172 et
670 2115 841 2185 inducimus,
863 2135 896 2171 ac
917 2114 1030 2171 realiter
1055 2113 1220 2170 investimus
1245 2133 1307 2170 eunt

159 2210 287 2265 onsnidus
310 2211 369 2266 suis
390 2211 504 2285 juribus
529 2220 553 2267 et
574 2211 758 2287 pertinentiis
781 2211 942 2282 universis;
969 2210 1053 2266 etsie
1076 2209 1308 2278 inthronizatum,

160 2305 338 2361 installatum
352 2314 376 2362 et
388 2305 533 2362 irnlucturn
543 2306 731 2382 personaliter
744 2305 917 2362 dinsittimus
931 2305 963 2361 in
977 2305 1029 2362 ltac
1042 2311 1219 2361 sacrosancta
1228 2304 1309 2373 sede;
1334 2309 1343 2328 ⁶

160 2400 192 2454 in
207 2420 262 2474 prce
276 2400 351 2456 idem
366 2397 509 2456 Dominus
523 2408 614 2456 noster
627 2399 711 2456 Jesus
729 2400 859 2457 Christus
870 2399 1010 2456 custodiat
1023 2399 1174 2456 introitum
1188 2407 1307 2456 uestrum

160 2516 192 2550 erc
205 2496 254 2551 ltoc
267 2517 342 2552 uisne
356 2504 381 2552 et
395 2517 479 2571 usqne
493 2497 525 2551 in
538 2496 680 2552 saeculum.

116 2654 128 2665 ,
203 2593 248 2654 Et
279 2614 351 2655 oum
386 2593 528 2676 legendo
564 2593 775 2675 pervenisset
808 2591 850 2654 ad
885 2592 986 2653 verba
1019 2591 1308 2666 Intlrroniramns‚

159 2697 392 2770 iustullumus,
411 2698 518 2778 ipsum
535 2697 703 2758 dominum
726 2697 1023 2779 Archiepiseopum
1043 2698 1158 2779 posuit
1172 2697 1207 2758 in
1233 2698 1308 2760 sede

161 2825 221 2866 sua
246 2801 445 2885 supradicta.
497 2802 745 2884 subsequenter
772 2822 852 2864 vero
878 2822 980 2885 super
1004 2801 1112 2884 ipsum
1140 2801 1309 2866 dominnm

162 2905 456 2988 Archiepiscopum
481 2906 651 2969 sedentem
668 2906 702 2966 in
725 2906 847 2983 throno
864 2906 1005 2989 quodam
1022 2910 1133 2968 tractu
1158 2906 1313 2970 videlicet

162 3014 367 3074 Benedictus
399 3032 525 3073 necnon
553 3011 654 3073 certis
685 3010 835 3073 collectis
866 3018 900 3073 et
926 3007 1149 3073 versiculisa
1176 3010 1310 3073 domino

160 3116 293 3179 Decano
322 3113 518 3177 solemniter
551 3115 748 3189 decantatis,
777 3114 904 3178 scilicet
935 3113 1112 3176 versiculis
1141 3115 1311 3180 Eualtent

160 3246 233 3284 eum
246 3223 302 3302 dra.
314 3226 349 3283 et
362 3221 402 3282 In
414 3223 579 3284 cutlzedru
590 3223 761 3284 seniorum
771 3222 827 3301 dre.
839 3241 912 3284 cum
925 3221 1075 3283 oratione
1092 3221 1309 3301 Omnipotens

163 3330 278 3400 Peter,
302 3335 418 3387 sancte
447 3326 537 3386 Deus
561 3336 691 3402 aeterne,
717 3327 776 3407 qui
802 3327 857 3406 de.
883 3331 918 3389 et
939 3327 1090 3388 oratione
1121 3324 1222 3398 Deus,
1249 3329 1311 3408 qui

162 3434 279 3493 adesse
295 3415 576 3511 condempneris
593 3430 649 3509 dre.

203 3534 329 3617 Quibus
346 3531 460 3606 finitis,
477 3539 587 3594 rector
603 3531 695 3594 chori
713 3532 853 3616 incipiet
876 3532 1016 3596 officium
1034 3531 1142 3594 missa
1158 3532 1191 3593 in
1209 3534 1310 3596 choro

163 3639 201 3700 de
218 3637 281 3711 die,
298 3657 371 3698 cum
389 3635 539 3697 oratione
564 3636 664 3711 Dens,
683 3638 742 3717 qui
758 3638 859 3718 alipne
877 3637 940 3698 tibi
956 3637 1173 3698 seruientium
1182 3657 1195 3713 ;
1220 3635 1307 3699 Scor.

160 3744 272 3825 Aufer
303 3762 325 3802 u
356 3741 454 3801 uobis
486 3740 628 3800 Domine
655 3741 817 3819 spiritum
852 3740 1019 3819 superbire
1050 3739 1117 3818 drc;
1149 3744 1183 3801 et
1214 3739 1309 3803 Post·

160 3847 389 3910 communione
427 3845 589 3923 Corporis
617 3845 710 3906 socri
745 3854 777 3906 et
796 3845 943 3924 pretiosi
971 3843 1161 3926 Sanquinis
1187 3844 1310 3924 repleti

162 3953 323 4013 libamine
342 3950 395 4028 dre.

204 4057 247 4118 Et
260 4053 418 4137 praefatus
435 4052 589 4114 dominus
602 4052 884 4136 Archiepiseopus
896 4051 1016 4115 dictam
1034 4051 1171 4115 missam
1187 4050 1309 4114 ibidem

160 4160 193 4220 in
226 4158 346 4220 throno
379 4176 438 4219 suo
471 4177 576 4238 usque
605 4155 646 4219 ad
679 4157 883 4220 offertorium
916 4177 936 4218 a
966 4155 1067 4218 choro
1098 4155 1309 4218 decantatum

160 4261 352 4332 celebrabit,
367 4267 399 4321 et
416 4264 495 4321 tunc
507 4260 711 4322 descendens
728 4282 748 4323 a
763 4260 884 4322 throno
897 4259 938 4322 ad
952 4260 1060 4322 altare
1076 4259 1118 4322 ad
1135 4258 1311 4322 lavandum

78 4396 83 4408 ·
162 4386 280 4428 manus
312 4384 401 4437 suae,
435 4364 570 4425 missam
603 4364 725 4427 ibidem
757 4369 895 4448 peraget
923 4384 1028 4446 usque
1058 4363 1101 4426 ad
1132 4363 1311 4426 secundam
