2940 4996
466 434 470 444 “
533 410 734 474 Benedictio
757 409 887 472 Vidua.
1229 409 1291 472 151

178 618 310 703 Accipe,
332 617 442 692 vidua,
467 615 616 700 pallium,
640 618 762 679 sanctae
789 613 995 699 integritatis
1022 613 1183 690 velamen,
1207 615 1294 698 quod

136 721 288 806 perferas
303 724 381 784 ante
396 717 545 783 tribunal
560 716 695 781 Domini
710 716 816 780 nostri
831 716 853 781 J
855 737 914 779 esu
930 714 1067 790 Christi,
1083 717 1136 779 cui
1151 718 1297 781 flectitur

136 843 233 886 omne
255 843 344 906 genu
368 821 562 894 calcetum,
578 819 801 894 terrestrium,
818 824 854 882 et
875 818 1090 882 infernorum.
1135 819 1198 904 Qui
1220 841 1294 884 cum

138 925 237 989 Patre
254 930 289 989 et
305 924 434 1007 Spiritu
450 923 573 987 Sancto
589 921 674 986 vivit
689 925 724 985 et
738 925 859 1005 regnat
873 921 966 985 Deus
981 942 1052 1007 per.

177 1028 246 1084 Post
259 1027 317 1084 hac
330 1026 445 1083 dicatur
459 1028 516 1083 ista
530 1024 630 1082 oratio.

181 1119 244 1196 Da,
267 1139 465 1204 quaesumus,
489 1118 698 1201 omnipotens
721 1116 822 1192 Deus,
839 1121 877 1181 ut
899 1117 967 1180 hac
990 1118 1116 1182 famula
1138 1129 1208 1194 tua,
1224 1141 1295 1203 quse

139 1243 197 1307 pro
225 1243 283 1306 spe
309 1221 543 1286 retributionis
570 1225 604 1284 et
634 1220 790 1303 promissi
820 1220 968 1283 muneris
999 1242 1034 1284 se
1066 1222 1127 1285 tihi
1153 1220 1296 1286 Domino

139 1325 309 1389 desiderat
331 1324 529 1404 consecrari,
545 1323 645 1409 plena
665 1323 729 1386 tide
751 1322 927 1406 animoque
951 1328 1165 1407 permaneat;
1189 1325 1299 1388 tribue

140 1427 170 1491 ei
185 1449 245 1513 pro
257 1428 418 1495 viduitate
434 1426 588 1512 gloriam,
599 1446 659 1509 pro
674 1426 800 1509 pudore
816 1424 1049 1500 reverentiam,
1062 1446 1123 1509 pro
1138 1426 1299 1510 pudicitia

141 1532 370 1596 sanctitatem:
393 1536 433 1594 ut
454 1530 497 1594 ad
521 1530 677 1594 meritum
697 1527 804 1613 possit
827 1532 955 1592 aeternae
975 1528 1089 1612 gloria
1113 1530 1298 1612 pervenire.

142 1634 206 1698 Per
220 1632 410 1697 Dominum.

186 1739 318 1802 Oratio.
363 1735 465 1812 Deus,
488 1736 650 1800 honarum
675 1735 839 1799 virtutum
862 1736 897 1798 et
916 1734 1180 1799 benedictionum
1205 1735 1298 1821 large

141 1839 278 1915 infusor,
294 1839 414 1902 exaudi
436 1858 551 1922 preces
573 1842 717 1912 nostras,
733 1839 772 1900 ut
794 1836 879 1901 hauc
902 1842 1028 1902 vestem
1051 1859 1150 1921 quam
1172 1839 1300 1903 famula

141 1944 199 2005 tua
228 1941 273 2004 N.
303 1961 364 2024 pro
393 1940 616 2004 consecrando
647 1938 817 2002 castitatis
849 1938 944 2023 signo
975 1960 1010 2003 se
1042 1940 1298 2024 adoperiendam
1365 1969 1368 1977 ·

141 2042 258 2125 poscit,
287 2042 483 2105 benedicere
517 2045 553 2105 et
583 2041 792 2106 sanctificare
825 2039 984 2124 digneris.
1029 2041 1095 2104 Per
1126 2041 1298 2107 Christum

142 2143 320 2207 Dominum
335 2148 497 2208 nostrum.

187 2247 320 2312 Oratio.
364 2245 466 2321 Deus,
491 2245 547 2329 qui
571 2245 739 2327 justificas
766 2245 903 2328 impium
926 2248 960 2308 et
986 2265 1053 2308 non
1080 2245 1132 2308 vis
1158 2251 1300 2312 mortem

143 2351 363 2431 peccatorum,
397 2348 609 2430 majestatem
643 2352 736 2411 tuam
771 2346 968 2431 suppliciter
1001 2347 1228 2430 deprecamur,
1262 2354 1301 2414 ut

144 2448 302 2514 famulam
325 2455 417 2513 tuam
437 2450 477 2514 de
500 2456 561 2514 tua
583 2450 812 2514 misericordia
834 2450 1053 2514 confidentem
1076 2451 1202 2516 coelesti
1225 2473 1301 2536 pro-

146 2556 242 2637 tegas
265 2551 430 2636 henignus
454 2552 590 2629 auxilio,
614 2557 649 2617 et
670 2552 806 2616 assidua
827 2553 1033 2636 protectione
1056 2573 1242 2630 conserves,
1266 2561 1305 2619 ut

145 2653 206 2717 tibi
217 2652 347 2738 jugiter
362 2652 553 2731 famuletur,
570 2659 605 2719 et
619 2653 724 2718 nullis
738 2654 1015 2739 temptationibus
1032 2659 1102 2719 ate
1119 2665 1304 2741 separetur.

147 2755 210 2821 Per
225 2755 408 2821 Christum.

187 2859 390 2923 Benedictio
406 2858 539 2922 annali.

189 2959 344 3036 Benedic,
360 2960 501 3024 Domine
524 2959 545 3024 J
548 2981 607 3023 esu
630 2960 773 3037 Christe,
789 2960 949 3024 annulum
971 2961 1072 3026 istum
1095 2963 1172 3028 fidei
1193 2966 1304 3051 signa-

145 3062 268 3137 culum,
285 3082 381 3145 quem
404 3062 531 3126 famula
546 3068 606 3128 tua
621 3061 656 3124 in
680 3063 810 3146 signum
833 3063 964 3127 foederis
980 3065 1029 3127 tui
1050 3071 1227 3151 gestatura
1243 3075 1305 3145 est,

146 3170 186 3228 nt
200 3163 235 3226 in
250 3169 311 3227 tua
324 3163 502 3228 dilectione
518 3169 653 3228 maneat
668 3163 834 3247 copulata,
851 3168 885 3228 et
901 3186 973 3229 eam
990 3167 1061 3231 sine
1084 3171 1216 3234 macula
1231 3193 1304 3236 cus·

145 3265 257 3331 todias
272 3265 307 3328 in
322 3270 491 3330 oeternum.
536 3266 599 3349 Oui
615 3265 700 3330 vivis
717 3269 751 3329 et
765 3286 888 3349 regnas
902 3265 1005 3331 Deus.
1070 3289 1072 3292 ⁴

189 3367 313 3450 Accipe
328 3367 489 3431 annulum
504 3388 602 3451 quem
618 3367 768 3453 perferas
789 3372 868 3432 ante
884 3369 1019 3453 Agrum
1036 3392 1194 3455 sponsum
1210 3378 1304 3438 tuum

146 3470 265 3534 Jesum
295 3467 467 3534 Christum
493 3469 528 3532 in
558 3470 611 3533 die
640 3469 824 3534 coelestium
852 3471 1056 3555 nuptiarum.
1100 3475 1141 3539 In
1171 3476 1305 3540 nomine

149 3570 293 3635 Patria*

148 3755 165 3788 ⁴*
183 3753 310 3824 Marpim
330 3753 368 3807 Et
379 3758 442 3823 post
459 3755 599 3825 ananiam,
616 3755 723 3809 dantur
739 3757 792 3811 ista
809 3757 956 3814 henedmia
995 3759 1096 3829 Oratio,
1115 3759 1263 3817 Benedicat
1280 3769 1308 3819 te

150 3839 222 3981 Illreus
241 3840 331 3895 Pater.
367 3840 480 3912 Ropairc
497 3842 577 3897 istam
594 3842 794 3898 benedictinam
811 3844 842 3898 ia
851 3843 913 3915 fine
933 3844 1139 3902 Cauaratioau
1156 3854 1310 3905 curetarum

179 3943 305 3997 erponem.
