2940 4996
207 407 269 468 114
462 408 680 471 Consecratio
695 407 822 471 altaris
839 412 911 472 sine
928 409 1097 472 Ecclesia.

199 613 233 675 in
256 611 362 674 Verbi
387 612 577 675 substantia
600 613 774 676 benedicta
797 612 976 677 oblationis
998 619 1123 676 natura
1144 611 1316 696 proficiat,
1338 615 1372 673 ct

200 715 287 798 quod
310 715 403 796 prius
424 715 528 778 victui
551 714 664 779 fuerat
686 715 854 791 alimonia,
870 715 942 778 vita
960 715 1020 798 ,hic
1044 715 1210 779 efficiatur
1232 719 1370 778 aeterna.

201 818 265 880 Per
283 817 433 878 eundem.

240 919 303 975 Hoc
314 918 394 992 facto
415 917 539 994 accipiat
559 918 672 989 crisma,
687 927 712 975 et
731 919 867 975 similiter
886 918 959 975 sient
978 919 1012 975 ele
1034 919 1091 976 oleo
1106 924 1251 995 pernnpat
1272 916 1369 992 ipsum

203 1013 328 1089 lapidem
338 1034 392 1089 per
405 1033 497 1069 cruces
510 1012 647 1087 sinpnlos,
662 1021 687 1069 et
696 1035 750 1090 per
759 1013 914 1090 planitiem
926 1013 1046 1090 lapidis.
1089 1011 1226 1088 Pontifex
1238 1018 1273 1067 nt
1282 1010 1370 1087 prins

202 1109 289 1178 dicat,
306 1109 463 1184 antiphona
475 1108 558 1183 prins
572 1108 693 1184 incepta.

245 1205 486 1289 Consefflcrare
511 1208 545 1266 et
569 1204 816 1289 sanctifflficnre
843 1205 1002 1290 digneris,
1017 1204 1159 1269 Domine
1183 1201 1291 1278 Deus,
1307 1202 1371 1266 hoc

201 1309 308 1372 altare
328 1310 362 1370 in
384 1309 510 1369 honore
535 1307 642 1369 sancti
665 1308 708 1370 N.
732 1329 793 1390 per
817 1310 902 1373 sacri
925 1309 1093 1372 crismatis
1115 1307 1313 1370 unctionem
1336 1313 1372 1368 et

201 1418 352 1475 nostram
386 1409 702 1495 beneffldictionem.
763 1411 802 1473 In
836 1411 969 1474 nomine
1004 1411 1117 1475 Patris
1151 1416 1186 1472 et
1217 1408 1302 1472 Filii
1336 1414 1370 1471 et

202 1515 348 1597 Spiritus
366 1513 491 1576 Sancti.
536 1514 653 1574 Amen.

244 1617 315 1679 Pax
331 1621 451 1678 tecum.

244 1719 289 1780 Et
305 1740 378 1780 cum
397 1718 517 1800 spiritu
533 1722 603 1782 tuo.

239 1821 279 1876 Et
292 1828 433 1896 repetatur
442 1842 497 1896 pro
512 1821 639 1896 qnalibet,
654 1820 680 1876 si
691 1819 787 1896 plnres
801 1821 866 1877 sint.

238 1915 360 1971 Interim
374 1922 501 1971 cantetnr
514 1915 680 1990 antiplona.

245 2220 346 2282 Ec-ce
374 2219 526 2281 o--dor
571 2221 607 2281 fi·
624 2219 685 2281 li-i
710 2221 810 2283 me-i
834 2222 965 2285 sie-ut
990 2221 1113 2284 od-or
1139 2221 1212 2306 agri
1236 2220 1361 2305 ple-ni

199 2381 819 2496 {ff

199 2475 252 2545 ‘lt

198 2584 295 2645 quem
311 2561 460 2624 be-nc-di
473 2560 547 2622 -xit
587 2559 790 2625 Do-mi-nus.

623 2729 917 2845 ff

241 2876 285 2936 In
303 2885 448 2953 tempore
468 2873 641 2947 Pasctalt,
658 2872 859 2959 al-le-lu·ya.

339 3057 675 3137 Ἦ

242 3195 300 3260 Ps.
345 3143 674 3253 Fun-domena*

239 3297 306 3352 Post
326 3295 381 3350 laec
395 3293 529 3368 confricet
544 3290 673 3368 pontifhn
686 3300 773 3349 totnm
794 3294 885 3351 altare
905 3314 994 3352 mann
1012 3316 1074 3366 sna,
1090 3298 1249 3374 sparyenelo
1269 3299 1362 3358 oleum

198 3400 223 3448 et
237 3391 363 3455 crisma,·
384 3387 543 3462 antiplona
553 3387 639 3463 prins
654 3387 776 3464 incepta,
793 3387 992 3448 Sanctificavit
1007 3390 1162 3450 Dominus.

241 3486 484 3568 Conseerfflnre
498 3486 536 3544 et'
550 3478 799 3557 sanotifflficare
812 3483 971 3567 digneris,
984 3483 1126 3548 Domine
1137 3487 1364 3574 omnipotcn8‚

196 3590 258 3650 hoc
284 3586 391 3649 altare
419 3585 452 3644 in
479 3583 604 3644 honore
630 3584 737 3647 sancti
764 3585 808 3647 N.
836 3605 896 3667 per
923 3585 1009 3648 sacri
1037 3587 1209 3653 crismatis
1237 3597 1272 3656 et
1299 3591 1365 3655 olei

197 3690 387 3752 unctionem
404 3691 438 3749 et
454 3690 603 3747 nostram
627 3685 941 3770 beneffldiotioncm.
987 3688 1026 3750 In
1043 3690 1178 3754 nominc
1200 3693 1313 3757 Patris
1330 3700 1366 3758 et

198 3793 276 3856 Filii
292 3797 326 3855 et
343 3790 487 3874 Spiritus
505 3789 627 3852 Sancti.
673 3790 790 3852 Amen.

238 3893 280 3949 Et
293 3901 446 3968 reponatnr
454 3913 509 3968 pro
524 3891 652 3967 qnalibet,
669 3893 696 3948 si
707 3893 802 3966 plnres
815 3894 882 3950 sint.

236 3989 362 4046 Interim
377 3996 505 4045 cantetur
518 3988 574 4044 liceo
588 3988 755 4064 antiplona.

242 4308 354 4373 Sancti
366 4345 377 4356 -
389 4307 410 4368 fi
421 4343 433 4353 -
445 4326 483 4368 cn
495 4344 506 4354 -
518 4307 567 4369 vit
589 4305 640 4370 Do
658 4345 670 4355 -
687 4346 699 4356 -
717 4308 841 4372 mi-nus
867 4309 1061 4373 ta-ber-na-
1072 4310 1199 4374 cu-lum
1223 4334 1263 4376 su
1279 4335 1363 4376 -um
