2940 4996
562 411 781 474 &obsecratio
804 412 994 494 Virginum.

221 458 224 471 l

201 732 1171 744 ———-——-———-—-———-————

248 773 330 838 Gra·
348 777 390 839 ti·
406 796 445 839 as
476 797 525 840 a·
540 795 675 860 ga-mus
690 772 864 838 Do-mi-no
880 772 930 837 De
946 811 959 822 -
976 794 996 836 o
1027 779 1154 836 nostro.

244 1085 404 1170 Dig-num
436 1091 470 1150 et
496 1085 644 1167 jus-tum
675 1091 739 1149 est.

244 1189 335 1251 Vere
359 1188 496 1272 dignum
520 1192 555 1251 et
573 1187 705 1270 justum
729 1192 792 1264 est,
816 1210 945 1272 aequum
967 1195 1002 1253 et
1030 1187 1191 1263 salutare,
1214 1207 1277 1250 nos
1301 1185 1362 1250 tibi

202 1312 334 1373 semper
349 1297 383 1354 et
400 1290 522 1374 ubique
538 1291 669 1375 gratias
691 1312 803 1374 agere,
819 1292 971 1368 Domine,
988 1296 1104 1355 sancte
1122 1290 1235 1365 Pater,
1253 1289 1360 1352 omni-

174 1471 177 1475 ,
202 1398 323 1477 potens
338 1399 460 1457 aeterne
485 1391 576 1455 Deus
587 1415 595 1467 ;
620 1398 789 1456 castorum
805 1414 982 1477 corporum
1006 1393 1173 1477 benignus
1189 1392 1364 1456 habitator

202 1502 237 1561 et
249 1496 518 1580 incorruptarum
532 1494 624 1558 Deus
634 1500 766 1559 amator
777 1496 963 1560 animarum
975 1519 983 1572 ;
998 1495 1102 1571 Deus,
1116 1494 1172 1578 qui
1183 1495 1363 1557 humanam

204 1600 428 1663 substantiam
450 1599 485 1661 in
509 1597 627 1682 primis
650 1598 841 1663 hominibus
864 1598 1032 1663 diabolica
1053 1599 1171 1662 fraude
1198 1597 1365 1672 vitiatam,

204 1703 252 1766 ita
268 1702 381 1766 Verbo
397 1708 456 1767 tuo
472 1723 533 1785 per
549 1701 636 1785 quod
653 1702 764 1766 omnia
779 1703 869 1766 facta
890 1709 970 1766 sunt
984 1723 1135 1787 reparas,
1152 1706 1190 1766 ut
1206 1721 1281 1764 eam
1298 1722 1363 1763 non

202 1805 310 1869 solum
334 1806 509 1888 adprimae
533 1805 674 1890 originis
697 1806 921 1869 innocentiam
944 1826 1092 1882 revoces,
1110 1804 1168 1869 sed
1192 1804 1297 1868 etiam
1320 1804 1361 1867 ad

203 1908 445 1993 experientiam
468 1907 676 1991 quorundam
700 1909 870 1984 bonorum,
887 1929 958 1992 quae
982 1909 1015 1970 in
1031 1929 1117 1972 novo
1139 1907 1261 1971 saeculo
1285 1913 1363 1970 sunt

205 2013 368 2088 habenda,
384 2013 557 2097 perducas,
574 2022 608 2076 et
631 2014 813 2078 obstrictos
829 2015 938 2077 adhuc
954 2013 1144 2077 conditione
1161 2011 1364 2087 mortalium,

201 2116 272 2197 jam
288 2116 331 2178 ad
353 2116 605 2180 similitudinem
621 2118 787 2201 provehas
808 2119 1024 2203 angelorum;
1048 2117 1186 2202 respice,
1205 2115 1359 2190 Domine,

206 2240 308 2301 super
322 2219 409 2282 hanc
425 2219 584 2283 famulam
602 2225 706 2295 tuam,
723 2242 794 2303 quae
810 2221 843 2283 in
867 2242 968 2285 manu
984 2225 1045 2284 tua
1065 2219 1280 2285 continentiae
1297 2239 1364 2281 suae

206 2321 413 2404 propositum
439 2321 620 2398 collocans,
647 2323 709 2386 tibi
740 2323 951 2386 devotionem
982 2345 1077 2389 suam
1108 2323 1218 2398 offert,
1246 2343 1267 2386 a
1299 2342 1362 2406 quo

207 2422 293 2486 idem
310 2430 422 2486 votum
440 2425 633 2508 assumpsit.
679 2425 849 2509 Quomodo
866 2428 952 2490 enim
966 2426 1097 2491 animus
1113 2425 1249 2489 mortali
1265 2445 1364 2489 carne

205 2528 439 2604 circumdatus,
455 2528 565 2613 legem
589 2535 728 2606 naturae,
745 2531 935 2596 libertatem
961 2533 1115 2609 licentiae,
1131 2531 1200 2595 vim
1224 2552 1364 2596 consue·

204 2631 340 2706 tudinis,
353 2637 386 2694 et
403 2631 556 2695 stimulos
572 2633 681 2696 aetatis
697 2633 875 2711 evinceret,
893 2634 957 2698 nisi
973 2640 1011 2698 tu
1028 2656 1088 2718 per
1102 2634 1248 2720 gratiam
1266 2640 1360 2698 tuam

207 2735 293 2797 hunc
317 2755 463 2796 amorem
487 2735 695 2819 virginitatis
719 2735 903 2801 clementer
924 2738 1144 2814 accenderes3
1168 2736 1235 2800 nisi
1263 2736 1364 2800 etiam

206 2845 244 2901 tu
267 2839 352 2901 hanc
368 2834 586 2921 cupiditatem
602 2839 636 2900 in
660 2839 733 2921 ejus
757 2840 855 2903 corde
876 2841 1041 2926 benignus
1065 2841 1187 2918 aleres,
1203 2845 1243 2904 tu
1265 2839 1362 2904 forti·

205 2942 354 3005 tudinem
371 2941 592 3004 ministrares.
639 2941 757 3005 Effusa
772 2964 916 3026 namque
932 2944 966 3006 in
983 2965 1099 3008 omnes
1114 2949 1235 3029 gentes
1250 2943 1363 3028 gratia

205 3055 274 3120 tua,
287 3066 328 3106 ex
344 3043 433 3106 omui
449 3043 583 3107 natione
600 3066 671 3127 quae
687 3046 749 3108 suh
765 3045 846 3108 coelo
863 3051 916 3109 est
931 3047 966 3109 in
982 3045 1158 3111 stellarum
1173 3045 1362 3109 innumera·

205 3148 305 3211 bilem
333 3168 507 3209 numerum
533 3148 611 3210 novi
637 3148 835 3212 testamenti
862 3149 1040 3213 heredibus
1067 3148 1249 3233 adoptatis,
1277 3148 1366 3212 inter

205 3258 334 3314 ceteras
350 3249 495 3313 virtutes
511 3271 595 3333 quas
618 3249 697 3313 filiis
714 3251 793 3326 tuis,
810 3273 876 3314 non
892 3272 934 3314 ex
958 3252 1177 3337 sanguinibus
1194 3272 1305 3334 neque
1321 3272 1361 3314 ex

210 3353 382 3437 voluptate
403 3352 514 3416 carnis
538 3352 596 3415 sed
620 3353 660 3415 de
681 3358 740 3417 tuo
767 3353 895 3438 Spiritu
919 3355 1055 3439 genitis,
1076 3354 1240 3430 indidisti,
1263 3354 1366 3418 etiam

125 3520 127 3524 ,
207 3461 267 3520 hoc
291 3457 411 3519 donum
428 3456 462 3517 in
485 3457 693 3539 quarundam
716 3463 846 3521 mentes
868 3458 908 3522 de
924 3457 1095 3543 largitatis
1110 3463 1175 3522 tuae
1191 3458 1288 3521 fonte
1310 3458 1364 3520 de-

207 3561 313 3635 fluxit,
327 3565 364 3623 ut
379 3581 453 3623 cum
466 3560 626 3623 honorem
642 3560 835 3644 nuptiarum
851 3560 945 3625 nulla
956 3561 1137 3626 interdicta
1152 3560 1363 3635 minuissent,

209 3685 247 3726 ac
265 3682 366 3745 super
389 3666 541 3725 sanctum
558 3661 750 3746 conjugium
774 3662 918 3727 initiatis
933 3663 1121 3728 benedictio
1143 3669 1367 3747 permaneret,

210 3767 413 3829 exsisterent
440 3768 554 3828 tamen
582 3765 793 3829 sublimiores
816 3767 943 3842 animae,
967 3787 1038 3850 quae
1065 3765 1129 3829 viri
1152 3786 1192 3830 ac
1215 3765 1366 3830 mulieris

208 3869 360 3952 copulam
391 3867 592 3943 fastidirent,
621 3868 821 3932 connubium
848 3869 1123 3954 concupiscerent
1151 3868 1364 3944 sacramenti,

208 3993 269 4034 nec
296 3971 507 4034 imitarentur
533 3968 634 4053 [quod
661 3972 787 4055 nuptiis
817 3971 941 4055 agitur,
969 3971 1027 4034 sed
1057 3970 1251 4057 diligerent]
1279 3970 1365 4055 quod

208 4074 333 4158 nuptiis
345 4079 558 4157 praenotatur.
604 4074 750 4157 Agnovit
765 4081 935 4138 auctorem
949 4095 1045 4138 suum
1061 4074 1162 4138 beata
1177 4075 1366 4160 virginitas,

209 4187 244 4241 et
266 4177 384 4240 aemula
398 4177 606 4261 integritatis
622 4176 781 4262 angelicas
790 4201 799 4254 ;
823 4177 916 4242 illius
931 4176 1091 4254 thalamo,
1107 4176 1201 4242 illius
1216 4177 1366 4242 cubiculo

211 4304 245 4345 se
270 4280 414 4356 devovit,
439 4280 493 4363 qui
519 4286 687 4365 perpetuae
713 4281 920 4368 virginitatis
943 4286 996 4347 est
1022 4281 1122 4345 iilius.
1168 4280 1365 4366 Imploranti

209 4407 289 4471 ergo
312 4384 472 4448 auxilium
497 4391 601 4461 tuum,
626 4385 777 4464 Domine,
794 4393 828 4451 et
851 4386 1039 4450 confirmari
1064 4406 1100 4450 sc
1124 4385 1364 4451 benedictionis
