2940 4996
632 401 818 471 Dodioutio
830 403 1007 473 Ecclesia

240 577 1398 732 Q

284 743 498 808 Bene-dic
527 744 756 812 Do-mi-ne
786 749 993 814 do-·mum
1022 750 1140 814 is-tarn
1169 769 1271 833 quam
1301 744 1399 811 oe-di·

241 877 1404 992 m

243 1033 295 1096 li-
310 1035 399 1099 cavi
422 1057 466 1100 no
480 1074 495 1086 ·
511 1075 524 1086 -
539 1037 585 1100 mi
600 1038 649 1101 -ni
672 1044 726 1104 tu·
738 1061 778 1104 o:
808 1041 898 1106 ve-ni
909 1042 1090 1107 -en·ti-um
1118 1040 1155 1103 in
1180 1038 1216 1104 lo
1231 1076 1245 1088 -
1260 1059 1301 1104 co
1326 1038 1403 1103 is-tc

245 1348 287 1390 cx
302 1364 315 1377 -
330 1327 424 1393 au-di
446 1349 505 1413 pre
515 1366 528 1377 -
547 1350 603 1394 ces
655 1332 690 1394 in
712 1333 875 1398 excel-so
896 1333 974 1398 so-li
989 1353 1039 1397 ·o
1062 1332 1120 1418 glo
1134 1369 1149 1382 -
1164 1332 1223 1396 ri·
1238 1354 1265 1397 ae
1287 1337 1327 1397 tu
1341 1367 1355 1380 -
1369 1353 1402 1396 a.

490 1449 917 1602 Q

289 1618 461 1684 Paalmus.
505 1621 580 1685 Fun
595 1623 668 1686 -da
682 1661 696 1672 -
719 1645 820 1687 men·
834 1631 881 1690 ta.

282 1741 322 1798 Et
335 1742 375 1799 sic
389 1739 537 1811 conianolo,
552 1740 695 1817 episcopus
709 1763 773 1799 curn
786 1742 861 1801 clero
874 1740 915 1801 od
928 1741 1056 1802 medium
1068 1740 1187 1802 eoelaioe
1200 1741 1362 1806 deveniant.

285 1834 393 1906 Quibus
400 1835 507 1912 finitis,
523 1834 600 1892 (licut
614 1835 768 1913 φτῗεςομιε.

290 1931 440 1994 Oremus.
485 1928 677 1993 Flectamus
692 1951 811 2015 genua.
856 1930 992 1997 Ievate.

287 2034 389 2110 Deus,
404 2032 462 2117 qui
482 2033 696 2097 invisibiliter
718 2037 829 2100 omnia
850 2036 1012 2113 contines,
1027 2039 1062 2100 et
1083 2039 1196 2100 tamen
1219 2057 1281 2122 pro
1298 2035 1404 2102 salute

244 2137 377 2224 generis
413 2136 551 2199 humani
588 2137 685 2221 signa
720 2141 785 2202 tuae
822 2139 979 2224 potentia
1016 2137 1194 2203 visibiliter
1232 2140 1404 2222 ostendis;

244 2238 405 2325 templum
431 2239 494 2302 hoc
519 2239 675 2323 potentia
701 2243 765 2303 tuae
786 2240 1029 2305 inhabitatione
1055 2239 1208 2316 illustra;
1232 2246 1271 2305 ut
1293 2263 1406 2306 omnes

246 2345 301 2429 qui
317 2346 382 2408 huc
400 2343 608 2428 deprecaturi
630 2345 830 2409 conveniunt
852 2366 893 2409 ex
908 2366 1102 2429 quacunque
1124 2344 1343 2411 tribulatione
1365 2347 1407 2411 ad

242 2455 276 2513 te
293 2447 521 2522 clamaverint,
534 2445 771 2512 consolationis
786 2453 850 2512 tuae
866 2447 1026 2512 beneficia
1040 2452 1297 2531 consequantur.
1343 2449 1406 2514 Per

246 2551 434 2616 Dominum.

288 2653 440 2717 Oremus.
485 2651 676 2716 Flectamus
691 2673 811 2736 genua.
856 2651 992 2717 Levate.

288 2754 552 2820 Tabernaculum
567 2755 629 2819 hoc
649 2755 833 2840 ingredere,
849 2775 1047 2839 quaesumus,
1062 2753 1271 2839 omnipotens
1288 2758 1410 2842 sempi-

243 2865 336 2925 terne
361 2858 461 2933 Deus,
484 2863 519 2921 et
540 2856 683 2922 famulos
704 2863 781 2921 tuos
802 2858 856 2921 hic
877 2862 1096 2943 congregatos
1122 2858 1164 2920 ad
1187 2859 1347 2924 honorem
1370 2866 1406 2926 et

243 2963 374 3028 laudem
389 2960 533 3025 nominis
555 2961 605 3025 tui
621 2965 721 3044 atque
737 2961 841 3025 beatae
856 2961 972 3025 Mariae
989 2981 1090 3024 sacrae
1113 2960 1264 3044 virginis,
1279 2961 1406 3041 benoth

243 3067 317 3142 dic;
341 3070 386 3142 et,
411 3065 497 3129 sicut
523 3064 716 3128 benedicere
743 3064 900 3149 dignatus
927 3084 963 3127 es
988 3062 1103 3127 domos
1126 3063 1407 3147 patriarcharum,

241 3167 395 3242 Abrahae,
424 3167 520 3230 Isaac
550 3169 585 3230 et
613 3165 727 3241 Jacob,
755 3165 805 3229 ita
833 3158 1067 3238 beneffldicere
1093 3167 1128 3228 et
1159 3162 1406 3242 sanctitlsficarc

243 3270 381 3354 dignare
397 3269 459 3332 hoc
475 3267 635 3354 templum
651 3280 686 3332 et
701 3288 816 3333 omnes
839 3267 873 3330 in
888 3287 927 3332 eo
942 3266 1145 3331 habitantes.
1191 3265 1254 3352 Qui
1269 3268 1357 3333 vivis
1371 3273 1408 3336 et

243 3394 365 3460 regnas
380 3393 450 3459 per.

281 3476 395 3535 Deinde
413 3472 540 3553 pontifex
553 3494 616 3532 cum
636 3472 778 3532 ministris
791 3471 851 3531 saia
860 3479 1021 3551 prosternat
1033 3493 1061 3530 se
1081 3479 1145 3531 ante
1158 3471 1261 3545 altare,
1275 3474 1405 3534 secretius

242 3573 317 3633 inico·
331 3594 358 3631 se
371 3579 473 3650 sepiem
481 3570 608 3648 paulinos
620 3569 823 3649 renitealicles
836 3570 998 3629 decantans.

284 3668 421 3728 Oratores
435 3674 528 3724 cotem
542 3665 597 3724 duo
613 3665 729 3725 interim
743 3672 856 3724 cumam
873 3664 1022 3724 teotoniam
1034 3663 1181 3736 minorem,
1197 3663 1315 3738 satiro,

284 3762 389 3846 Kyrie
405 3760 541 3827 eleison.

284 3864 418 3930 Christe
434 3864 573 3929 eleison.

282 3967 424 4033 Domine
439 3968 607 4033 miserere.

282 4069 418 4137 Christe
434 4069 602 4134 miserere.

277 4172 369 4231 Dicto
386 4171 511 4241 laetania,
525 4171 654 4249 pontifex
668 4192 781 4249 euroeae
796 4170 980 4244 (iteratione,
995 4179 1058 4230 cate
1072 4169 1163 4229 altare
1179 4167 1268 4229 dicut.

282 4267 433 4333 Oremus.
478 4266 669 4332 Flectamus
684 4287 802 4352 genua.
851 4266 987 4331 Levate.

269 1252 495 1262 --———-.—
