2940 4996
507 399 726 462 Conseorotio
743 397 919 478 Episcopi.
1223 394 1287 457 231

180 607 295 669 Misso
311 604 463 685 episcopi
473 624 542 684 pro
557 625 592 667 se
608 606 645 667 in
661 604 718 667 die
733 604 974 667 ordinationis·
984 624 1064 666 soce.

182 709 313 773 Oratio.
359 706 460 781 Deus,
477 706 533 789 qui
549 727 614 769 non
630 706 775 790 propriis
798 706 1061 790 suffragantibus
1076 705 1215 781 meritis,
1233 705 1290 769 sed

135 809 208 875 sola
241 808 421 873 ineffabilis
456 809 571 893 gratiae
601 809 760 893 largitate
794 830 846 872 me
880 807 1015 871 familiae
1048 814 1114 873 tuse
1147 829 1290 892 praeesse

136 913 283 987 voluisti,
306 912 416 976 tribue
437 933 489 975 me
512 912 573 975 tibi
598 913 697 997 digne
720 911 910 994 persolvere
937 911 1156 974 ministerium
1181 932 1290 974 sacer·

134 1015 256 1080 dotalis
271 1013 379 1088 officii,
393 1017 427 1076 et
442 1012 679 1077 ecclesiasticis
692 1015 928 1077 convenienter
945 1014 1069 1076 servire
1085 1013 1290 1090 ministeriis,

136 1116 331 1201 plebemque
346 1116 428 1179 mihi
444 1117 665 1191 commissam,
678 1122 711 1180 te
727 1117 762 1180 in
779 1116 931 1180 omnibus
946 1120 1153 1200 protegente,
1169 1118 1291 1199 guber·

138 1241 217 1283 nare
234 1220 385 1282 concede.
430 1220 495 1282 Per
510 1219 699 1284 Dominum.

179 1323 328 1385 Secreto.
375 1321 427 1384 Ad
456 1320 608 1404 gloriam,
633 1321 785 1397 Domine,
810 1321 861 1384 tui
891 1319 1034 1383 nominis
1064 1340 1175 1383 annua
1204 1320 1293 1385 festa

136 1429 325 1508 repetentes
349 1423 567 1488 sacerdotalis
593 1424 700 1500 officii,
722 1424 866 1487 hostiam
891 1423 953 1487 tibi
976 1421 1085 1485 laudis
1112 1421 1293 1498 offerimus,

135 1527 331 1611 suppliciter
354 1531 543 1600 exorantes,
568 1530 606 1588 ut
628 1527 724 1609 cujus
748 1524 926 1589 ministerii
950 1525 1020 1587 vice
1043 1524 1105 1587 tibi
1128 1524 1291 1588 servimus

139 1629 307 1703 immeriti,
323 1628 495 1712 suffragiis
510 1627 688 1691 reddamur
703 1629 841 1712 accepti.
887 1629 951 1692 Per
965 1627 1155 1690 Dominum.

178 1731 268 1807 Infra
286 1730 439 1788 Cononem.

182 1826 280 1889 Hane
296 1825 401 1909 igitur
424 1822 628 1888 oblationem
644 1846 742 1912 quam
766 1825 825 1890 tibi
850 1825 954 1889 offero
970 1845 1032 1908 ego
1048 1822 1193 1887 famulus
1216 1827 1296 1887 tuus

141 1935 175 1995 et
191 1928 356 2000 sacerdos,
367 1926 409 1989 ob
424 1926 511 1989 diem
526 1926 560 1988 in
577 1948 643 2009 qua
658 1949 711 1990 me
727 1928 884 2012 dignatus
897 1948 933 1991 es
949 1927 983 1988 in
999 1925 1186 1990 ministerio
1203 1946 1297 1990 sacro

141 2031 345 2095 constituere
369 2028 586 2104 sacerdotem,
609 2030 755 2107 obsecro,
776 2030 928 2106 Domine,
951 2029 1106 2113 placatus
1129 2028 1295 2112 accipias3

139 2134 226 2198 unde
241 2131 453 2213 majestatem
476 2135 569 2194 tuam
591 2153 701 2207 exoro,
718 2137 755 2197 ut
778 2133 867 2215 quod
881 2132 915 2194 in
931 2153 983 2195 me
1007 2130 1124 2215 largiri
1139 2131 1296 2215 dignatus

141 2258 188 2313 es,
204 2234 371 2320 propitius
388 2234 555 2297 custodire
571 2235 730 2318 digneris.

194 2336 475 2400 Poatcommuoio.
531 2335 739 2420 Repleantur
775 2336 1059 2400 consolationibus
1095 2333 1173 2408 tuis,
1211 2355 1296 2417 qure-

141 2459 266 2514 sumus,
297 2437 448 2512 Domine,
480 2441 614 2502 tuorum
648 2440 748 2502 corda
778 2439 935 2515 fidelium,
965 2438 1157 2523 pariterque
1191 2441 1226 2500 et
1254 2437 1296 2500 de

141 2542 298 2608 Ecclesiae
328 2539 480 2623 praesule,
512 2547 547 2607 et
577 2542 617 2607 de
650 2563 784 2606 suorum
815 2546 967 2606 votorum
998 2537 1205 2624 plenitudine
1236 2537 1297 2604 tibi

140 2648 289 2712 referant
304 2641 463 2708 actiones.
