2940 4996
486 427 534 488 De
554 425 741 489 Ordinibus
761 426 990 508 Confer-endis.
1255 424 1319 488 321

157 679 177 706 ‚‚
223 631 285 694 Ps.
330 631 462 696 Euntes
497 631 677 717 praedicate
712 629 952 716 evangelium
983 629 1095 715 graiis
1127 631 1320 715 accepistis,

159 783 179 810 „
197 735 306 819 gratis
323 734 414 799 date.

156 888 175 914 „
224 841 283 904 Pe.
336 838 454 905 Nolite
489 841 664 925 possidere
699 861 819 905 aurum
853 855 974 925 neque·
996 845 1176 927 argentum
1211 863 1319 927 neque

158 991 177 1017 „
195 943 375 1027 pecuniam
392 943 427 1005 in
443 945 537 1008 zonis
554 944 688 1008 vestris.

158 1092 177 1119 ‚,
223 1046 348 1109 Aliud.
406 1047 618 1133 Congregate
648 1046 700 1111 illi
732 1052 866 1112 sanctos
893 1050 968 1131 ejus
999 1048 1056 1132 qui
1082 1048 1323 1115 ordinaverunt

160 1153 439 1223 „testamentum
464 1152 540 1234 ejus
568 1173 671 1235 super
701 1150 876 1228 sacrificia,
904 1155 939 1216 et
968 1151 1218 1218 annuntiabunt
1248 1153 1322 1217 coeli

164 1301 183 1329 ‚,
196 1251 368 1336 justitiam
385 1254 470 1336 ejus,
488 1257 568 1340 quis
582 1255 675 1320 Deus
691 1259 773 1320 tuus
788 1276 851 1340 ego
868 1276 953 1319 sum.

161 1404 180 1431 ,‚
228 1357 286 1419 Pe.
330 1357 423 1420 Deus
438 1358 589 1422 deorum.

162 1508 181 1535 ,‚
226 1461 271 1523 R.
316 1461 458 1525 Immols,
473 1462 556 1526 Deo.

163 1612 183 1638 ‚‚
236 1563 275 1627 V.
321 1564 545 1650 Congregate.

161 1716 181 1743 „
227 1668 395 1753 Alleluya.
447 1670 484 1732 V.
529 1669 718 1753 Disposuit.

164 1821 183 1849 „
234 1773 457 1855 offertorium.
504 1774 648 1838 Benedie
664 1774 778 1838 anima
794 1794 880 1837 mea.

165 1925 184 1952 „
234 1877 291 1940 00.
338 1876 464 1940 Messis
480 1877 616 1961 quidem
631 1875 751 1953 multa,
768 1876 915 1962 operarii
930 1882 1044 1941 autem
1060 1879 1181 1962 pauci;
1204 1886 1324 1967 rogate

165 2027 183 2055 ,‚
202 1979 382 2044 Dominum
399 1981 521 2044 messis
537 1988 576 2046 ut
590 1980 707 2064 ejiciat
722 1980 895 2064 operarios
911 1980 945 2043 in
961 2000 1103 2044 messem
1123 2001 1229 2046 suam.

166 2130 187 2158 ‚‚
232 2084 291 2146 Pe.
307 2093 481 2164 utsupra.

162 2224 184 2262 „-
234 2186 273 2250 V.
319 2186 418 2250 Misit
431 2188 453 2251 J
455 2207 533 2252 esus
543 2186 728 2270 discipulos
742 2206 821 2250 suos
836 2185 935 2249 binos
947 2191 1026 2250 anie
1041 2186 1162 2250 faeiem
1175 2206 1271 2252 susm
1287 2189 1322 2253 in

165 2311 332 2366 „omnem
364 2291 534 2356 civitatem
567 2299 602 2357 et
632 2293 741 2356 locum
772 2313 839 2375 quo
874 2297 949 2355 erat
977 2292 1050 2375 ipse
1082 2294 1256 2370 venturus,
1288 2300 1323 2358 et

166 2443 185 2469 „
202 2392 337 2457 dicebat
353 2393 432 2458 illis.

161 2548 180 2573 ,‚
230 2499 439 2561 Communis.
488 2499 775 2583 Messisquidem.

167 2650 187 2676 „
229 2600 430 2685 [Epistola]
1014 2598 1047 2678 [l
1066 2597 1151 2662 Tim.
1169 2600 1216 2664 iii.
1234 2601 1324 2686 1-7.]

162 2753 180 2779 ‚‚
227 2704 387 2768 Fratres:
412 2703 539 2768 Fidelis
555 2725 676 2781 sermo,
692 2726 799 2788 usque
816 2706 865 2767 ad
880 2707 918 2768 ut
933 2703 996 2766 Dei
1012 2702 1122 2766 nostri
1137 2703 1323 2769 doctrinam

167 2855 187 2883 ,‚
204 2812 301 2871 ornet
316 2807 349 2869 in
367 2807 533 2872 omnibus.

169 2960 187 2988 „
248 2908 515 2996 [Evanyelium]
933 2909 980 2988 [S.
997 2908 1077 2971 Luc.
1094 2909 1174 2972 xxii.
1191 2909 1328 2998 24-30.]

167 3063 187 3092 ,‚
233 3015 273 3077 In
294 3014 353 3077 ilio
374 3020 534 3098 tempore,
551 3014 657 3080 Facta
681 3020 733 3080 est
749 3013 932 3088 contentio,
948 3032 1053 3093 usque
1076 3013 1126 3074 ad
1147 3012 1322 3079 duodecim

171 3168 190 3194 ,‚
208 3119 316 3183 tribus
333 3118 450 3181 Israel.
