2940 4996
527 409 745 472 Consecratio
768 367 954 491 harpinum.
1256 405 1318 471 167

204 611 282 673 lata
298 614 414 676 oratio
431 614 563 678 dicitur
580 614 729 699 legendo,
746 617 819 678 aine
835 615 983 678 Oremus.

204 714 426 800 Beneffldicat
446 720 480 779 te
502 715 594 779 Deus
618 717 729 793 Pater,
753 722 788 781 et
809 716 928 791 Filius,
946 720 980 778 et
1004 714 1151 798 Spiritus
1175 714 1318 779 Sanctus
1448 788 1451 793 ⁸

160 815 249 877 omni
260 817 530 903 beneffldictione
543 818 722 902 spirituali,
734 824 772 883 ut
783 839 920 882 maneas
932 819 1136 902 incorrupta,
1148 817 1319 895 inviolata,

160 925 195 982 et
217 919 444 996 immaculata,
461 922 523 985 sub
545 921 749 986 vestimento
766 925 890 986 sauctae
906 921 1024 984 Mariae
1046 921 1170 985 Matris
1185 920 1319 985 Domini

162 1022 269 1085 nostri
284 1022 306 1086 J
308 1043 368 1086 esu
384 1021 522 1089 Christi.
568 1025 684 1088 Amen.

204 1124 405 1206 Requiescat
422 1146 524 1209 super
540 1131 573 1190 te
590 1126 736 1210 Spiritus
753 1125 958 1210 septiformis
975 1124 1047 1201 Dei,
1065 1124 1210 1209 Spiritus
1233 1128 1319 1211 sapi-

160 1228 258 1292 entiae
280 1233 316 1293 et
337 1229 541 1306 intellectus,
560 1230 707 1314 Spiritus
727 1229 856 1294 consilii
880 1236 915 1294 et
937 1228 1157 1304 fortitudinis,
1175 1229 1322 1313 Spiritus

162 1330 309 1396 scientiae
321 1339 354 1396 et
367 1333 514 1417 pietatis,
525 1335 657 1417 repleat
668 1340 702 1398 te
717 1335 862 1420 Spiritus
872 1334 1003 1397 timoris
1014 1333 1158 1397 Domini.
1202 1337 1320 1398 Amen.

204 1435 441 1521 Fragilitatem
473 1444 565 1502 tuam
597 1438 759 1502 Dominus
790 1437 930 1502 solidet:
961 1437 1036 1499 fidei
1068 1437 1257 1501 constantia
1287 1444 1322 1502 te

161 1539 308 1614 roboret,
336 1538 547 1623 validamque
578 1542 761 1617 confirmet,
788 1540 915 1624 pietate
945 1538 1079 1617 allevet,
1107 1539 1322 1605 miseratione

161 1647 347 1705 conservet.
390 1643 508 1706 Amen.
990 1724 991 1728 Ἰ

203 1744 353 1808 Mentem
368 1749 460 1809 tuam
477 1749 584 1830 regat,
601 1745 673 1811 vias
697 1751 774 1810 tuas
789 1745 925 1830 dirigat,
941 1746 1163 1831 cogitationes
1187 1751 1321 1810 sanctas

161 1847 195 1910 in
209 1854 244 1910 te
259 1847 427 1912 instituat.
472 1853 591 1913 Amen.

203 1949 309 2013 Actus
329 1954 407 2014 tuos
431 1951 560 2034 probet,
584 1972 686 2035 opera
710 1953 797 2016 bona
819 1951 854 2014 in
880 1957 913 2016 te
936 1951 1097 2036 perficiat,
1121 1951 1262 2016 caritate
1285 1957 1320 2015 te

160 2051 306 2128 edificet,
329 2053 496 2136 sapientia
517 2058 551 2117 te
574 2053 753 2130 illuminet,
776 2054 933 2120 castitate
957 2060 991 2118 te
1018 2053 1158 2130 muniat,
1181 2054 1322 2118 scientia

161 2158 195 2218 te
210 2154 367 2218 instruat.
413 2156 531 2218 Amen.

202 2256 243 2320 ln
259 2257 385 2322 virtute
401 2257 612 2342 multiplicet,
629 2259 664 2321 in
680 2259 860 2324 sanctitate
877 2256 1048 2336 sublimet,
1063 2257 1105 2323 ad
1122 2257 1317 2341 patientiam

161 2363 195 2424 te
225 2367 400 2444 praeparet,
430 2362 473 2425 ad
508 2361 732 2426 obedientiam
765 2367 799 2425 te
831 2361 963 2437 subdat,
993 2367 1028 2425 et
1058 2360 1250 2424 humilitate
1284 2366 1318 2424 te

159 2469 363 2547 prosternat.
409 2464 527 2528 Amen.
1162 2526 1164 2529 .

200 2565 251 2630 Ad
274 2566 515 2631 continentiam
538 2567 598 2632 tibi
623 2567 681 2631 det
703 2566 947 2643 fortitudinem,
963 2565 1082 2630 reddat
1105 2578 1139 2630 te
1163 2566 1318 2641 sobriam,

158 2673 315 2754 protegat
328 2674 361 2733 te
377 2669 541 2753 pudicam,
553 2671 588 2733 in
603 2670 798 2734 infirmitate
816 2670 941 2745 visitet,
954 2671 988 2732 in
1004 2669 1119 2733 dolore
1131 2675 1166 2735 te
1181 2668 1321 2746 relevet,

158 2771 191 2832 in
214 2772 403 2836 tentatione
427 2777 461 2836 te
484 2773 603 2857 erigat,
627 2773 662 2836 in
689 2770 943 2836 conversatione
970 2773 1148 2848 custodiat,
1170 2773 1205 2835 in
1227 2793 1320 2856 pros-

157 2874 303 2956 peritate
326 2878 360 2939 te
384 2881 560 2960 temperet,
583 2876 617 2938 in
640 2875 813 2939 iracundia
835 2874 978 2959 mitiget,
994 2874 1208 2958 iniquitatem
1229 2876 1264 2937 in
1286 2879 1321 2939 te

159 2978 324 3042 emendet.
369 2980 488 3044 Amen.

202 3079 363 3146 Infundat
393 3083 428 3145 in
461 3088 497 3147 te
530 3083 687 3167 gratiam,
719 3078 871 3144 remittat
902 3078 965 3144 tibi
1001 3080 1167 3156 offensas,
1189 3080 1318 3144 tribuat

156 3184 376 3269 disciplinam,
405 3192 441 3251 ut
465 3186 519 3249 his
549 3190 585 3248 et
610 3183 776 3248 similibus
806 3183 989 3247 virtutibus
1014 3181 1102 3245 fulta
1131 3187 1166 3246 et
1193 3184 1318 3246 sanctia
1369 3184 1371 3188 '

159 3289 314 3371 operibus
344 3287 525 3364 illustrata,
556 3286 617 3350 illa
648 3307 780 3369 semper
809 3285 945 3348 studeas
976 3304 1088 3369 agere,
1115 3305 1187 3368 qua
1218 3285 1320 3369 digna

159 3389 240 3453 fiant
256 3390 327 3454 Deo
344 3391 377 3453 in
395 3394 518 3454 aeterna
533 3389 810 3453 remuneratione.
856 3389 973 3475 Amen.

201 3486 303 3554 lllum
326 3493 453 3556 habeas
469 3495 591 3555 testem
615 3512 712 3574 quem
735 3490 894 3554 habitura
915 3510 951 3553 es
970 3488 1127 3572 judicem,
1144 3492 1245 3573 atque
1267 3489 1317 3554 ita

159 3599 273 3676 aptare
297 3600 332 3658 te
349 3595 447 3659 stude
471 3600 508 3658 ut
523 3592 776 3678 praefulgentem
799 3593 833 3655 in
856 3613 958 3655 manu
979 3599 1094 3677 gestes
1118 3591 1315 3676 lampadem,

161 3696 271 3780 sicque
301 3696 471 3761 intratura
503 3696 616 3780 sponsi
647 3695 844 3772 thalamum,
877 3715 1034 3758 occurras
1063 3695 1211 3758 venienti
1241 3716 1315 3758 eum

160 3799 291 3882 gaudio,
307 3803 346 3862 ut
367 3798 450 3862 nihil
473 3799 508 3861 in
530 3805 563 3862 te
586 3799 733 3882 reperiat
754 3797 914 3874 foetidum,
930 3797 1014 3860 nihil
1038 3799 1218 3874 sordidum,
1235 3798 1318 3861 nihil

162 3900 334 3976 incultum,
358 3901 441 3964 nihil
465 3908 668 3985 corruptum,
692 3900 775 3964 nihil
798 3901 1021 3978 inhonestum,
1046 3901 1104 3965 sed
1130 3901 1260 3965 niveam
1284 3910 1319 3966 et

163 4003 333 4067 candidam
367 4005 522 4080 animam,
558 4024 742 4087 corpusque
781 4003 925 4067 lucidum
959 4008 1059 4087 atque
1098 4003 1317 4088 splendidum.

165 4105 278 4169 Amen.

202 4209 321 4292 Itaque
345 4229 419 4271 cum
446 4208 517 4272 dies
544 4208 601 4272 ille
629 4209 821 4272 tremendus
849 4208 1128 4272 remunerationis
1146 4208 1315 4291 justorum
1374 4277 1378 4286 ,

166 4311 391 4377 retributionis
419 4310 581 4376 malorum
609 4311 791 4387 advenerit,
819 4332 885 4375 non
913 4310 1062 4375 inveniat
1091 4313 1125 4374 iu
1153 4321 1186 4376 te
1215 4311 1317 4377 ultrix
