2940 4996
151 407 216 471 350
568 410 766 473 Benedictio
783 409 898 493 Regis.

197 597 248 660 Tu
271 597 344 681 ejus
367 597 473 660 menti
496 598 663 683 benignus
687 599 848 676 inlabere,
872 605 911 663 ut
930 619 1045 662 amore
1067 601 1102 662 te
1126 596 1259 672 timeat,
1282 599 1318 658 et

153 703 276 765 timore
292 702 425 786 diligat.
470 705 588 766 Amen.

197 805 248 866 Tu
273 805 304 868 ei
327 806 436 868 honor
458 806 515 881 sis,
540 812 577 869 tu
602 806 774 890 gaudium,
799 812 836 870 tu
861 807 1030 882 voluntas,
1052 812 1091 869 tu
1116 804 1151 868 in
1175 824 1316 867 moerore

155 907 326 983 solatium,
357 908 392 970 in
422 909 645 993 ambiguitate
676 909 863 984 consilium,
895 910 928 972 in
961 910 1080 973 itinere
1111 908 1314 972 consolator.

155 1013 273 1073 Amen.

198 1115 248 1176 Tu
272 1116 305 1175 in
328 1114 463 1197 injuriis
487 1115 654 1192 defensor,
670 1115 704 1178 in
728 1116 948 1180 tribulatione
971 1114 1149 1202 patientia,
1165 1115 1199 1177 in
1224 1113 1316 1200 tegri-

155 1218 271 1279 tudine
289 1217 462 1280 medicina.
508 1218 627 1281 Amen.

199 1320 239 1382 In
275 1326 308 1383 te
343 1320 468 1383 habeat
505 1341 603 1383 omne
638 1321 826 1397 consilium,
861 1342 921 1406 per
954 1326 1047 1384 tuam
1081 1320 1193 1384 discat
1227 1338 1314 1382 com·

155 1425 260 1488 misse
291 1424 490 1506 sapientiam
520 1424 616 1508 regni
647 1425 875 1509 gubernacula
905 1425 1082 1500 moderari,
1111 1429 1152 1487 ut
1182 1441 1316 1505 semper

155 1528 249 1603 felix,
281 1548 413 1610 semper
444 1549 464 1590 a
495 1533 528 1590 te
563 1529 726 1612 gaudens,
761 1529 802 1592 de
837 1530 906 1592 tuis
937 1535 1109 1592 mereatur
1142 1525 1315 1591 beneficiis

156 1631 335 1716 gratulari,
353 1638 387 1695 et
403 1631 539 1694 aeternis
556 1631 671 1695 valeat
686 1632 894 1696 commerciis
911 1631 1071 1716 copulari.
1116 1632 1237 1694 Amen.

200 1736 248 1798 Ut
271 1755 368 1817 quem
392 1740 430 1798 tu
445 1735 542 1797 nobis
564 1735 662 1799 hodie
687 1740 748 1798 tua
773 1735 1002 1799 misericordia
1022 1733 1207 1817 jocundum
1234 1753 1315 1816 prae-

158 1845 292 1901 sentare
317 1838 475 1920 dignatus
492 1859 538 1914 es,
556 1842 616 1902 tua
637 1839 743 1903 facias
759 1839 941 1904 multorum
959 1859 1122 1902 armorum
1139 1835 1317 1901 curriculis

158 1943 365 2028 protectione
383 1964 547 2006 securum.
594 1946 710 2008 Amen.

201 2047 246 2110 Et
271 2047 318 2110 ita
339 2045 483 2130 populus
509 2047 573 2109 iste
593 2046 738 2129 pullulet
762 2047 906 2111 coalitus
926 2045 1160 2110 benedictione
1185 2043 1315 2108 aeterni·

158 2152 251 2228 tatis,
284 2157 322 2213 ut
357 2171 489 2234 semper
519 2154 678 2214 maneant
711 2151 941 2234 tripudiantes
974 2151 1010 2213 in
1040 2170 1122 2234 pace
1157 2148 1314 2212 victores.

159 2260 277 2320 Amen.

203 2359 295 2442 Quod
313 2358 384 2440 ipse
408 2365 568 2442 praestare
593 2357 743 2442 digneris
766 2359 822 2442 qui
847 2380 920 2422 cum
943 2363 1067 2423 aeterno
1091 2358 1193 2422 Patre
1218 2353 1315 2420 simul

158 2486 232 2528 cum
257 2463 385 2546 Spiritu
409 2462 542 2538 Sancto,
560 2463 646 2527 vivis
672 2469 704 2526 et
721 2483 844 2548 regnas
867 2463 970 2540 Deus,
986 2485 1047 2547 per
1068 2463 1181 2527 omnia
1197 2458 1316 2525 saecula

161 2568 366 2633 saeculorum.
412 2567 531 2630 Amen.

201 2671 224 2728 I
222 2680 275 2728 teon
289 2692 373 2747 snper
386 2691 486 2745 repent.

205 2767 423 2849 Omnipotens
447 2765 539 2830 Deus
555 2766 613 2830 det
635 2769 674 2848 ›1‹
691 2766 753 2830 tibi
770 2767 811 2830 de
827 2788 904 2831 rore
921 2767 993 2830 coeli
1011 2768 1100 2831 etde
1117 2764 1314 2852 pinguedine

159 2878 256 2936 terrae
279 2871 519 2935 abundantiam
542 2871 703 2934 frumenti
725 2876 760 2935 et
783 2873 851 2935 vini
876 2878 911 2936 et
929 2872 1005 2948 olei,
1022 2878 1057 2935 ct
1080 2873 1233 2937 serviant
1255 2867 1313 2934 tibi

160 2973 274 3059 populi
291 2979 325 3036 et
341 2973 484 3036 adorent
500 2979 533 3037 te
551 2974 679 3049 tribus;
704 2981 779 3038 esto
797 2974 950 3040 dominus
966 2977 1108 3040 fratrum
1124 2981 1272 3048 tuorum,
1284 2976 1315 3036 et

158 3081 377 3142 incurventur
392 3084 472 3141 ante
494 3088 527 3140 te
548 3077 607 3139 filii
625 3078 744 3141 matris
760 3082 836 3154 tuae,
853 3086 888 3143 ct
910 3079 966 3162 qui
990 3077 1241 3158 beneblsdixerit
1255 3074 1313 3141 tibi

159 3180 448 3247 benedictionibus
472 3179 654 3262 repleatur,
671 3186 705 3244 et
720 3180 815 3244 Deus
831 3183 897 3246 erit
920 3183 1054 3265 adjutor
1068 3189 1158 3247 tuus
1206 3181 1315 3245 Omni·

158 3289 278 3368 potens
323 3282 542 3361 beneffldicat
577 3284 639 3347 tibi
676 3284 1007 3366 beneffldictionibus
1048 3284 1121 3349 coeli
1164 3285 1314 3368 desuper,

157 3387 487 3470 beneffiilictionibus
509 3387 622 3469 abyssi
643 3385 789 3467 jacentis
809 3388 975 3465 deorsum,
991 3386 1316 3466 benetlsdictionibus

163 3492 300 3553 uberum
326 3496 360 3552 et
384 3489 509 3564 vulvae,
537 3490 828 3568 benerlsdictiones
851 3498 984 3574 patrum
1006 3492 1222 3574 antiquorum
1246 3511 1317 3554 con·

160 3597 291 3656 fortatse
311 3592 379 3654 sint
396 3612 498 3673 super
514 3597 557 3654 tc.

201 3697 283 3754 Alio.

203 3792 398 3878 Beneffidic,
417 3791 570 3867 Domine,
586 3793 819 3856 fortitudinem
843 3794 1003 3878 principis
1028 3795 1146 3870 nostri,
1164 3799 1199 3858 et
1216 3815 1314 3880 opera

158 3918 314 3960 manuum
332 3895 424 3959 illius
442 3897 583 3980 suscipe,
601 3901 634 3958 et
651 3897 922 3980 beneffidictione
939 3903 998 3961 tua
1014 3903 1107 3961 terra
1122 3899 1196 3982 ejus
1212 3896 1315 3983 reple·

161 4009 247 4075 atur,
265 4001 305 4063 de
322 4001 418 4063 bonis
435 4001 603 4063 fructuum
621 3999 693 4062 coeli
712 4007 746 4063 et
768 4021 843 4063 rore
859 4007 961 4084 atque
978 3999 1172 4082 subjacente
1188 4004 1317 4086 abysso,

159 4106 199 4168 de
229 4104 326 4167 bonis
361 4106 532 4168 fructuum
566 4103 646 4166 solis
678 4125 716 4167 ac
746 4103 843 4179 lunae,
875 4105 915 4167 de
947 4104 1073 4169 vertice
1103 4105 1316 4188 antiquorum

160 4209 333 4283 montium,
350 4209 390 4272 de
409 4208 504 4271 bonis
521 4213 718 4270 aeternorum
736 4207 881 4282 collium,
898 4208 988 4271 etde
1004 4208 1159 4294 frugibus
1175 4215 1272 4273 terrae
1288 4213 1320 4273 et

159 4311 364 4395 plenitudine
394 4312 479 4394 ejus.
526 4307 758 4386 Beneffldictio
781 4310 872 4374 illius
899 4311 957 4394 qui
983 4311 1139 4395 apparuit
1166 4311 1200 4375 in
1226 4313 1315 4385 rubo,

159 4415 271 4478 veniat
296 4433 397 4496 super
414 4418 513 4497 caput
536 4411 587 4474 itt.
606 4419 640 4475 et
660 4412 779 4496 plenus
803 4415 867 4477 erit
887 4414 1118 4479 bencdictione
1135 4413 1267 4480 Domini
1282 4417 1314 4478 in
