2940 4996
200 400 263 461 124
497 408 699 472 Benedictio
716 409 847 490 lapidis
858 411 1062 492 portatilia.

238 690 381 749 Praedicta
395 694 476 751 niodo
490 698 642 755 secuudum
655 701 791 776 quosdam
804 701 974 759 dedicantur
987 701 1029 759 uel
1049 700 1251 759 benedicuntur
1263 721 1362 778 super-

197 786 315 856 altaria,
344 809 397 863 quo
425 798 449 846 et
477 791 586 848 altaria
613 795 733 869 majora.
776 796 911 854 Facilius
938 803 1032 852 tamen
1057 802 1150 872 potest
1169 796 1240 872 sieri
1266 796 1362 853 orcadis

197 883 380 959 sequentibus,
397 884 454 942 siue
468 906 543 944 neore
559 887 736 948 Gallicorum
750 891 792 949 uel
808 891 1012 950 Romanorum.

371 1184 664 1265 [BENEDIOTIO
686 1189 867 1255 LAPIDIS
890 1189 1181 1276 PORTABILIS.]

235 1387 400 1446 Benedictio
416 1389 524 1467 lapidis
533 1394 686 1470 portatilis
699 1394 757 1452 siue
772 1394 880 1472 lapidis
894 1394 1053 1466 itinerarii,
1068 1415 1131 1472 quoe
1139 1401 1230 1473 potest
1238 1393 1313 1470 fieri
1326 1395 1362 1451 ab

196 1482 323 1558 episcopo
331 1492 396 1559 post
410 1487 526 1544 missam
539 1488 646 1546 dictam
660 1490 703 1547 uel
716 1489 857 1548 creditam.

235 1577 347 1648 Princo,
368 1579 395 1635 si
411 1580 514 1656 placet,
536 1582 651 1640 dicatur
674 1584 788 1642 litania.
832 1584 875 1642 Et
899 1592 964 1642 ante
983 1584 1082 1642 arania
1097 1592 1303 1662 praeparentur
1327 1604 1361 1641 ea

196 1691 256 1746 quoe
266 1679 331 1728 sunt
344 1677 510 1748 necessaria,
522 1686 553 1734 ut
563 1687 641 1755 patet
655 1700 744 1757 supra
758 1680 791 1738 in
805 1679 1019 1738 consecratione
1033 1679 1150 1739 Altaria
1160 1679 1287 1756 Majoris
1298 1680 1361 1736 sine

198 1765 336 1826 Ecclesia.

237 1860 339 1918 Postea
354 1864 497 1942 episcopus
511 1866 588 1925 dicat
603 1876 652 1939 ter,

242 1952 335 2020 Deus
351 1958 384 2021 in
401 1960 616 2044 adjutorium.

197 2064 239 2113 ter
251 2079 324 2132 penu
331 2061 416 2135 steno.
457 2063 500 2120 Et
514 2065 615 2123 ultimo
631 2064 733 2124 Gloria
746 2065 826 2124 Patri
841 2066 902 2123 sine
917 2064 1082 2142 Alleluya-

242 2155 465 2220 Euorcisrnus
481 2159 577 2222 salic.

241 2254 400 2322 Exorcizo
417 2266 460 2336 te,
474 2267 630 2326 creatura
646 2261 738 2338 salis,
751 2262 785 2325 in
801 2260 934 2325 nomine
949 2260 1086 2325 Domini
1101 2259 1209 2326 nostri
1224 2259 1261 2334 ᾧ
1275 2263 1297 2326 J
1298 2283 1362 2326 esu

202 2353 337 2435 Christi,
366 2363 421 2444 qui
448 2363 610 2446 apostolis
638 2364 708 2427 suis
735 2365 793 2440 ait,
820 2362 892 2427 Vos
919 2364 1001 2428 estis
1029 2362 1079 2427 sal
1105 2368 1214 2439 terra,
1240 2373 1276 2428 et
1299 2386 1362 2449 per

199 2462 388 2542 apostolum
411 2465 502 2542 dicit,
524 2466 575 2530 Sit
598 2488 654 2531 cor
676 2472 826 2530 vestrum
850 2465 920 2529 sale
945 2466 1125 2542 conditum,
1149 2472 1188 2530 ut
1211 2465 1362 2547 sanctifi<

199 2561 307 2626 ficeris
331 2566 372 2629 ad
397 2571 682 2634 consecrationem
705 2570 806 2653 hujus
828 2569 950 2634 tabulae
974 2573 1009 2632 et
1030 2569 1132 2650 hujus
1158 2567 1291 2653 lapidis,
1317 2569 1362 2633 ad

198 2666 412 2748 expellendas
429 2693 543 2737 omnes
559 2673 743 2736 daemonum
759 2673 1009 2757 temptationes,
1025 2679 1060 2735 et
1075 2672 1228 2737 omnibus
1244 2673 1301 2756 qui
1317 2694 1361 2735 ex

198 2771 232 2830 te
256 2775 469 2856 sumpserint,
487 2776 533 2839 sis
554 2777 702 2860 corporis
725 2786 760 2840 et
781 2776 899 2840 anima
922 2781 1156 2852 tutamentum,
1173 2776 1301 2840 sanitas
1325 2784 1363 2840 et

197 2878 359 2957 protectio
382 2886 416 2943 et
439 2882 646 2945 confirmatio
674 2881 805 2945 salutis.
849 2883 914 2946 Per
937 2903 1011 2945 eum
1037 2881 1093 2964 qui
1119 2886 1282 2946 venturus
1304 2886 1362 2947 est

193 2978 343 3059 judicare
360 2983 453 3046 vivos
469 2991 504 3049 et
518 2994 669 3049 mortuos
685 2992 720 3049 et
736 2984 889 3049 saeculum
906 3005 967 3069 per
981 2985 1102 3069 ignem.
1148 2987 1267 3050 Amen.

240 3083 440 3150 Benedictio
456 3088 554 3151 salia.

239 3182 381 3250 Domine
405 3197 530 3265 sancte,
553 3191 655 3254 Pater
677 3190 898 3275 omnipotens,
914 3195 1037 3254 aeterne
1059 3189 1161 3266 Deus,
1177 3188 1360 3268 bened-dic

192 3290 277 3353 hanc
294 3296 483 3356 ereaturam
499 3293 580 3356 salis
596 3293 637 3356 ad
654 3294 867 3377 effugandum
884 3293 1062 3370 inimicum,
1079 3298 1113 3356 et
1130 3291 1300 3356 salubrem
1324 3295 1358 3357 ei

194 3395 389 3458 medicinam
416 3397 568 3471 immitte,
592 3403 630 3459 ut
653 3397 694 3459 ad
717 3397 833 3460 animae
856 3402 892 3459 et
917 3396 1066 3478 eorporis
1090 3416 1126 3459 se
1149 3395 1357 3459 sumentium

193 3499 344 3584 proficiat
360 3499 550 3562 sanitatem.
595 3499 660 3561 Per
675 3497 851 3561 Dominum
868 3505 1030 3562 nostrum.

239 3607 403 3688 Sequitur
418 3605 626 3665 eaorcismus
641 3623 750 3684 aquae.
962 3685 967 3690 ι

239 3710 400 3774 Exorcizo
426 3713 471 3782 te,
498 3713 652 3770 creatura
678 3728 780 3790 aquea,
808 3705 841 3767 in
871 3704 1002 3768 nomine
1028 3702 1093 3767 Dei
1118 3702 1156 3778 »Β
1182 3704 1295 3769 Patris
1321 3710 1358 3771 et

196 3815 274 3879 Filii
288 3812 324 3886 *1⁴
339 3820 374 3876 et
398 3811 542 3895 Spiritus
557 3808 592 3880 >1⁴
609 3809 732 3885 Sancti,
749 3815 786 3872 ut
808 3807 953 3892 repellas
975 3805 1144 3871 diabolum
1168 3827 1190 3870 a
1211 3807 1356 3872 termino

193 3923 373 4004 justorum,
389 3939 430 3979 ne
456 3918 501 3981 sit
524 3917 557 3978 in
580 3915 785 3979 umbraculis
808 3915 909 3998 hujus
931 3912 1054 3978 tabulae
1077 3911 1130 3974 vel
1153 3911 1298 3997 lapidis3
1323 3919 1358 3978 et

197 4032 246 4098 tu,
262 4021 402 4084 Domine
419 4020 439 4082 J
442 4042 501 4083 esu
525 4019 668 4095 Christe,
684 4018 820 4081 infunde
845 4017 1004 4101 Spiritum
1025 4014 1189 4079 'sanctum
1203 4027 1301 4079 tuum
1323 4016 1357 4079 in

196 4130 281 4191 hanc
297 4123 447 4188 tabulam
464 4122 639 4207 lapideam,
656 4128 694 4185 ut
708 4121 862 4205 proficiat
878 4119 1015 4184 sanitati
1038 4137 1214 4202 corporum
1230 4119 1354 4183 anima-

191 4251 330 4313 rumque
341 4227 550 4291 adorantium
564 4233 608 4301 te,
620 4232 654 4289 et
663 4224 895 4310 magnificetur
903 4244 1021 4286 nomen
1032 4226 1127 4285 tuum
1139 4221 1173 4284 in
1185 4223 1352 4307 gentibus,

195 4343 229 4400 et
252 4330 414 4397 increduli
435 4330 532 4392 corde
557 4335 796 4393 convertantur
818 4329 859 4392 ad
877 4334 921 4403 te,
939 4331 973 4391 et
995 4347 1061 4389 non
1085 4325 1236 4389 habeant
1257 4324 1369 4390 alium'
