2940 4996
426 415 681 483 Iattroniaatio
697 396 974 502 Arctiep'iscopi.
1214 415 1280 481 233

120 625 185 686 tua
214 621 376 707 largitate
402 624 491 688 hunc
517 625 680 690 famulum
706 631 800 691 tuum
828 627 872 692 N.
899 625 1023 713 populo
1049 627 1108 690 tuo
1135 643 1280 709 praesse

118 724 263 807 jussisti,
279 727 388 790 tribue
413 728 453 804 ei,
470 749 669 812 quaesumus,
685 752 745 816 per
766 732 910 815 gratiam
935 728 1049 795 Sancti
1065 728 1211 813 Spiritus
1230 726 1282 790 tui

122 827 221 911 digne
259 829 321 892 tibi
357 831 550 915 persolvere
587 834 810 899 ministerium
849 833 947 899 officii
986 831 1206 897 sacerdotalis
1245 834 1282 893 et

123 931 358 996 ecclesiasticis
392 935 627 999 convenienter
661 938 787 1009 servire
820 937 1049 1012 sacramentis,
1083 934 1281 1019 plebemque

123 1034 187 1097 sibi
199 1035 409 1100 commissam
419 1038 461 1100 ad
473 1039 614 1123 gloriam
627 1040 677 1104 tui
693 1040 801 1105 sancti
812 1038 955 1104 nominis
970 1039 1069 1123 digne
1081 1039 1280 1123 gubernare.

121 1136 186 1200 Per
201 1138 390 1202 Dominum.
436 1141 475 1205 ln
492 1143 622 1206 unitate
639 1144 798 1227 ejusdem.

163 1242 228 1313 cha
242 1244 330 1314 dicta,
342 1253 470 1320 ponatur
483 1247 511 1304 ei
520 1246 648 1323 palliam
661 1249 895 1324 snperssbameros,
911 1245 1019 1303 dicente
1033 1244 1171 1322 episcopo.

162 1339 285 1422 Accipe
308 1340 458 1424 pallium,
476 1343 596 1406 summi
619 1342 797 1408 sacerdotii
818 1341 952 1407 Domini
975 1339 1038 1404 Dei
1061 1338 1110 1403 tui
1135 1338 1277 1424 signum,

119 1462 178 1525 per
190 1442 277 1524 quod
289 1443 432 1526 undique
444 1445 591 1509 velleius
604 1451 704 1530 atque
720 1446 879 1522 munitus,
892 1444 1008 1509 valeas
1020 1442 1127 1506 hastis
1140 1440 1278 1505 humani

119 1546 338 1608 tentamentis
361 1548 531 1624 resistere,
544 1554 582 1631 et
605 1570 719 1612 ornnes
743 1549 885 1614 insidias
908 1548 983 1630 ejus
1006 1569 1027 1612 a
1048 1543 1279 1631 penetralibus

121 1647 230 1710 cordis
252 1649 303 1711 tui
319 1648 431 1713 divino
454 1651 637 1715 munimine
653 1651 761 1715 fultus
784 1652 901 1736 procul
925 1651 1080 1734 abjicere,
1096 1651 1278 1734 praestante

120 1747 262 1813 Domino
279 1757 394 1817 nostro
410 1753 427 1817 J
434 1775 494 1818 esu
510 1754 645 1819 Christo
663 1756 719 1839 qui
736 1756 819 1821 vivit
834 1761 869 1820 et
884 1759 1017 1840 regnat.

158 1850 295 1912 Posthac
306 1855 482 1931 camfestiaa
490 1860 667 1935 processione
677 1859 801 1917 dacatnr
815 1859 854 1916 ad
864 1860 956 1916 altare
969 1857 1093 1915 Domini
1103 1854 1275 1926 Salvatoris,

121 1948 203 2007 choro
225 1951 362 2028 psallente
383 1953 580 2031 antiphonam,
607 1954 756 2014 Firmetur
784 1961 968 2024 manustra,
992 1952 1035 2011 vet
1056 1950 1275 2030 responsoriam,

122 2041 219 2103 Deum
232 2046 315 2104 time.

164 2139 227 2209 Quo
234 2142 332 2216 finito,
347 2141 463 2200 dicatur
476 2143 534 2202 licea
548 2145 641 2202 oratio
655 2165 719 2202 eam

163 2234 325 2300 Dominus
341 2237 525 2303 vobiscum.

163 2341 312 2417 Nostris,
342 2364 541 2425 quaesumus,
571 2343 723 2421 Domine,
755 2342 873 2408 officiis
903 2341 1049 2406 clemens
1084 2339 1211 2416 adesto,
1243 2344 1278 2403 et

119 2442 245 2508 famulo
262 2449 321 2508 tuo
337 2444 380 2508 N.
394 2446 644 2532 archiepiscopo
660 2454 788 2523 nostra,
799 2446 1041 2510 benedictionis
1054 2450 1117 2508 tuae
1133 2443 1278 2529 gratiam

120 2546 272 2622 concede,
289 2569 386 2631 quem
402 2550 603 2614 auctoritate
619 2550 815 2635 apostolica,
832 2556 864 2613 et
881 2549 1021 2633 mystico
1037 2569 1173 2612 munere
1191 2547 1278 2610 sacri

118 2652 213 2738 pallii
238 2654 375 2717 induere
398 2655 557 2738 dignatus
580 2677 627 2732 es,
647 2662 680 2720 et
704 2656 746 2720 ad
770 2676 934 2720 summum
958 2653 1178 2717 sacerdotium
1201 2673 1277 2736 pro-

119 2778 264 2820 movere.
309 2758 386 2833 Fac,
404 2757 554 2834 Domine,
572 2780 771 2843 quaesumus,
784 2763 822 2823 ut
839 2758 925 2822 sicut
941 2755 1071 2821 ceteros
1088 2757 1120 2819 in
1137 2754 1280 2819 ecclesia

119 2861 245 2944 gradus
268 2861 394 2925 honore
417 2862 588 2945 praecellit,
611 2863 659 2926 ita
683 2862 813 2926 meritis
837 2868 871 2926 et
895 2859 1077 2923 virtutibus
1101 2862 1277 2944 augeatur.

77 2949 82 2957 ’
121 2966 196 3033 Per.

160 3070 276 3130 Deinde
290 3072 399 3130 dicitnr
412 3092 431 3129 a
445 3072 557 3131 Priore.

164 3168 204 3231 In
231 3166 293 3231 Dei
320 3168 463 3232 nomine.
508 3170 625 3233 Amen.
670 3167 882 3231 Auctoritate
911 3165 1069 3249 ejusdem,
1098 3184 1160 3247 ego
1187 3160 1277 3247 prior

119 3269 218 3334 istius
248 3269 396 3333 ecclesiae
428 3269 554 3335 Christi
586 3271 786 3345 Cantuariae,
818 3270 1008 3332 inthronizo
1040 3275 1075 3330 te
1109 3265 1277 3328 dominum

119 3373 403 3457 archiepiscopum
431 3375 464 3437 in
491 3374 554 3438 hac
585 3373 819 3437 (lantuariensi
850 3372 1001 3447 ecclesia,
1028 3371 1161 3452 inqua
1190 3368 1277 3430 idem

120 3477 212 3539 Deus
242 3477 403 3540 Dominus
434 3483 549 3540 noster
578 3476 679 3539 Jesus
714 3475 869 3539 Christus
899 3473 1068 3540 custodiat
1101 3471 1277 3534 introitum

120 3585 215 3643 tuum
231 3602 272 3643 ex
289 3581 360 3657 hoc,
377 3601 474 3655 nunc,
491 3586 526 3644 et
541 3602 646 3663 usque
663 3581 697 3643 in
715 3579 880 3643 saeculum.

159 3683 272 3740 Deinde
299 3684 422 3741 ducatur
445 3684 483 3740 ad
507 3683 670 3740 cathedrata
694 3681 897 3760 pontificalem,
924 3687 949 3736 et
973 3680 1005 3736 in
1032 3698 1065 3736 ea
1089 3697 1153 3735 cam
1176 3676 1277 3734 bonore

120 3778 262 3848 nzittatnr,
278 3778 329 3836 adi
341 3799 371 3837 eo
384 3779 502 3848 sedente,
518 3787 542 3835 et
557 3799 603 3835 sea
622 3777 664 3835 ael
677 3785 735 3835 octo
749 3778 886 3834 stantibus
907 3783 971 3832 ante
985 3774 1097 3842 saliam,
1113 3772 1223 3830 modico
1244 3772 1276 3830 in

120 3895 216 3933 eoram
237 3876 329 3932 medio
351 3876 481 3932 asistente
505 3875 606 3952 spatio,
632 3894 727 3932 eoram
750 3894 810 3930 ana
834 3872 968 3930 medietas
992 3871 1070 3928 dicat
1094 3869 1178 3944 dnjas
1199 3869 1276 3927 aisti-

119 3971 218 4048 pbonoe
231 3971 304 4028 baiae
314 3978 437 4047 partem,

164 4068 365 4130 Benedictus
381 4066 483 4142 Dens,
499 4066 555 4148 qui
573 4071 606 4129 te
629 4069 798 4145 pastorem
822 4061 944 4148 elegit:
968 4061 1002 4126 in
1025 4061 1167 4126 eandida
1190 4058 1278 4126 stola

119 4169 329 4256 apostolatus
345 4169 395 4232 tui
411 4175 445 4233 te
462 4169 699 4234 circumcinxit.

206 4273 301 4336 Pcnt.
318 4272 360 4335 29
