2940 4996
149 421 191 485 46
542 419 743 483 Benedictio
758 418 918 482 Attene.

201 628 427 707 Respondeat.
472 624 569 688 Volo.

195 732 244 793 Et
260 731 357 793 dieat
371 731 576 810 Episcopus.
621 727 792 792 Profitere.

197 834 245 895 Et
261 835 378 895 abbas.

196 935 269 1019 Ego
300 935 343 998 N.
369 933 515 998 eeclesiae
546 933 591 998 N.
622 934 750 998 electus
781 933 896 1009 abbas,
928 931 1088 1016 profiteor
1118 934 1241 995 sancta
1266 929 1309 993 N.

153 1036 298 1101 ecelesia
322 1037 448 1120 tibique
471 1041 568 1120 pater
589 1037 633 1100 N.
657 1035 807 1118 ejusdem
831 1035 977 1098 ecclesia
998 1034 1155 1118 episcopo
1179 1032 1311 1114 tuisque

153 1142 401 1205 suecessoribus
439 1141 473 1203 in
512 1161 551 1203 ea
584 1141 739 1205 canonice
779 1139 1021 1204 substituendis
1055 1137 1249 1202 canonicam
1281 1136 1312 1198 in

153 1245 305 1308 omnibus
322 1243 544 1308 obedientiam
561 1249 595 1307 et
611 1243 883 1326 subjectionem*

197 1350 390 1429 Episcopus
406 1357 526 1431 surput
541 1357 573 1411 et
588 1350 693 1410 dieat.

197 1451 414 1535 Omnipotens
437 1450 600 1514 Dominus
619 1454 653 1514 et
675 1450 709 1512 in
732 1451 785 1514 bis
806 1453 841 1513 et
862 1448 898 1511 in
921 1446 1048 1513 catenis
1070 1446 1168 1510 bonis
1192 1445 1238 1509 sit
1261 1466 1311 1509 co-

155 1562 311 1639 operator
325 1561 414 1618 tuus.

203 1659 321 1721 Omnes
337 1659 465 1721 dieunt.
511 1656 628 1720 Amen.

199 1760 360 1829 Sciendum,
377 1761 451 1836 quod
464 1761 593 1835 quidone,
610 1768 634 1817 et
640 1759 716 1836 sorte
729 1760 839 1830 metius,
852 1759 937 1817 istam
951 1756 1192 1816 examinationem
1198 1755 1317 1831 jaciunt

155 1864 222 1913 ante
236 1856 387 1913 netnoe'tunt
400 1856 491 1912 missae
508 1876 593 1931 usque
612 1855 651 1912 αά
670 1855 826 1926 laetaniam,
842 1854 981 1913 sedendo:
1000 1860 1177 1912 catacoeno
1191 1852 1238 1910 tte
1251 1860 1316 1910 onte

156 1951 331 2026 evunpetn'unt
344 1950 424 2026 infra
437 1950 561 2009 missum.

202 2044 282 2103 Tunc
291 2054 490 2122 prosternentes
503 2047 645 2122 episeopus
659 2053 723 2103 ente
737 2046 835 2116 attare,
850 2052 876 2103 et
889 2045 973 2101 abbas
990 2051 1062 2101 retro
1070 2044 1240 2121 procumbat
1252 2064 1316 2101 eum

158 2140 303 2211 fratribus,
319 2141 407 2198 saeris
428 2141 544 2198 aestibus
564 2141 681 2198 indutus
690 2162 702 2211 ,·
722 2148 746 2197 et
754 2141 833 2217 finnt
853 2138 974 2198 loetanioe
991 2145 1016 2195 et
1028 2139 1102 2196 inter
1121 2138 1186 2196 aliu
1205 2138 1320 2196 dicotur

156 2235 337 2312 abepiscopo.

200 2330 250 2394 Ut
263 2329 401 2393 fratrem
417 2333 567 2393 nostrum
584 2327 726 2392 electum
742 2329 896 2394 abbatem
912 2329 1023 2415 gnatia
1040 2327 1153 2393 Sancti
1171 2326 1317 2412 Spiritus

157 2431 331 2495 illustrare
347 2438 381 2496 et
395 2431 629 2514 beneffidicene
647 2431 664 2510 's
679 2432 837 2517 digneris.

202 2538 376 2618 Sequitur.
422 2536 661 2599 Paternoster.

201 2637 283 2696 Tune
308 2645 406 2714 surpnt
432 2638 582 2715 episeopus,
607 2645 632 2695 et
658 2645 798 2695 concertet
823 2659 851 2696 se
877 2639 917 2696 ud
940 2639 1064 2697 abbatem
1085 2645 1265 2717 prostratum
1290 2646 1314 2696 et

157 2733 244 2791 dicut.

201 2831 244 2895 Et
260 2851 300 2893 ne
316 2851 387 2893 nos.

202 2931 338 2996 Salvum
352 2932 406 2996 fae
422 2952 553 2995 servum
570 2936 673 2995 tuum.

200 3034 364 3098 Dominus
380 3034 545 3098 custodiat
560 3033 733 3097 introitum
749 3038 843 3098 tuum
859 3039 894 3100 et
909 3036 1033 3101 exitum
1048 3041 1154 3102 tuum.

202 3139 364 3203 Dominus
380 3139 546 3202 custodiat
560 3143 594 3202 te
611 3139 653 3203 ab
668 3138 757 3201 omni
772 3137 870 3202 malo.

202 3243 322 3306 Mittat
336 3242 395 3305 tibi
413 3241 573 3305 auxilium
588 3242 628 3305 de
645 3247 771 3305 saneta

200 3348 364 3431 Exsurge,
380 3345 530 3422 Domine,
547 3346 669 3429 adjuva
684 3366 753 3409 nos.

201 3450 362 3516 Dominus
378 3450 557 3512 vobiscum.

202 3556 247 3620 Et
262 3575 336 3618 cum
353 3552 474 3636 spiritu
489 3557 558 3614 tuo.

203 3655 362 3731 Concede,
386 3673 583 3738 quaesumus,
606 3652 815 3737 omnipotens
839 3654 940 3733 Deus,
963 3662 1002 3721 ut
1023 3658 1185 3727 famulum
1209 3669 1312 3743 tuum,

157 3781 256 3845 quem
273 3759 315 3823 ad
329 3757 478 3842 regimen
494 3756 679 3820 animarum
702 3755 865 3841 eligimus,
881 3759 997 3844 gratia
1012 3766 1077 3826 tuae
1099 3763 1186 3830 dono
1202 3789 1314 3852 prose·

156 3946 173 3978 ὕ
192 3946 223 3998 in
234 3943 360 4012 mereim
380 3942 446 3996 Atia
457 3940 590 4012 Professio
602 3941 639 3995 αά
651 3940 726 3997 neue
737 3939 845 4008 sipnun
858 3942 885 3995 A

193 4032 278 4085 These
289 4029 436 4083 references
448 4046 494 4083 cre
510 4035 537 4083 to
552 4030 600 4084 the
615 4032 767 4088 additional
784 4050 894 4106 prayers
911 4032 953 4088 for
970 4034 1018 4089 the
1036 4035 1216 4097 Benediction
1234 4045 1266 4100 of
1278 4063 1312 4101 nn

161 4119 259 4186 Abbot,
274 4116 364 4170 wbicb
376 4115 482 4170 follows
493 4117 550 4170 this
562 4117 640 4172 Offiee
653 4137 679 4190 p.
692 4119 734 4174 51.

155 4210 175 4278 †
194 4208 224 4260 in
236 4204 349 4274 marein.
387 4210 414 4258 et
427 4205 595 4260 sanctificare
607 4213 635 4261 et
646 4224 808 4263 consecrare.
