2940 4996
515 431 776 495 Benedictionea
792 431 955 494 Diversoe.

413 774 580 841 ORATIO
603 776 664 840 AD
689 775 1054 842 OAPILLATURAM.

200 963 420 1048 Omnipotens
437 965 640 1049 sempiterne
657 964 760 1041 Deus,
777 966 907 1050 respice
930 966 1097 1051 propitius
1115 986 1217 1052 super
1231 965 1319 1028 hunc

155 1066 321 1130 famulum
338 1071 431 1130 tuum
453 1069 517 1143 ill,
535 1089 634 1151 quem
651 1067 694 1132 ad
709 1089 829 1130 novam
848 1069 1010 1132 tondendi
1032 1070 1176 1153 gratiam
1200 1089 1320 1132 vocare

157 1171 319 1255 dignatus
352 1192 399 1248 es,
427 1173 580 1236 tribuens
605 1173 636 1236 ei
661 1171 894 1235 remissionem
923 1173 1068 1236 omnium
1096 1179 1319 1258 peccatorum,
1357 1197 1360 1203 ’

155 1280 257 1358 atque
274 1275 316 1339 ad
333 1274 518 1339 coelestium
535 1277 696 1339 donorum
714 1277 889 1359 pervenire
906 1277 1122 1340 consortium.
1167 1278 1242 1341 Per.

357 1465 523 1530 ORATIO
547 1467 608 1532 AD
632 1466 807 1530 BARBAS
831 1465 1118 1531 TONDENDAS.

202 1652 305 1730 Deus,
337 1654 433 1737 cujus
465 1655 594 1739 Spiritu
625 1660 782 1718 creatura
813 1656 920 1718 omnis
952 1656 1167 1721 incrementis
1199 1656 1317 1722 adulta

161 1757 360 1842 congaudet,
377 1757 496 1821 exaudi
516 1778 634 1841 preces
656 1763 793 1822 nostras
816 1779 916 1842 super
933 1759 1020 1822 huno
1036 1758 1199 1823 famulum
1223 1764 1318 1825 tuum

159 1859 213 1924 ill.
234 1860 396 1942 juvenilis
419 1860 526 1925 aetatis
543 1859 662 1923 decore
686 1860 854 1924 laetantem
879 1866 914 1924 et
936 1862 1054 1944 primis
1078 1863 1238 1948 auspiciis
1262 1863 1319 1928 ad·

161 1962 383 2037 tondendum3
405 1961 536 2037 exaudi,
552 1961 704 2037 Domine,
720 1969 759 2026 ut
777 1962 812 2024 in
837 1965 989 2027 omnibus
1013 1965 1232 2048 protectionis
1254 1971 1319 2030 tuae

162 2067 289 2132 auxilio
305 2065 454 2128 munitus
471 2064 638 2129 coelestem
655 2065 919 2129 benedictionem
935 2067 1079 2150 accipiat
1095 2073 1129 2132 et
1144 2069 1320 2154 praesentis

164 2174 240 2237 vitae
257 2170 420 2257 praesidiis
436 2169 583 2255 gaudeat
598 2176 632 2234 et
648 2176 789 2234 aeternae.
834 2171 909 2234 Per.

336 2357 500 2424 ORATIO
524 2358 585 2421 AD
609 2357 843 2424 OLERIOUM
865 2358 1149 2424 FACIENDUM.
1231 2423 1237 2434 ,

222 2547 374 2621 Oremus,
406 2543 618 2607 dilectissimi
650 2544 784 2621 fratres,
816 2545 995 2609 Dominum
1027 2552 1180 2610 nostrum
1210 2547 1327 2612 Jesum

167 2652 338 2717 Christum
356 2669 416 2734 pro
439 2649 503 2711 hoc
518 2645 646 2710 famulo
670 2668 729 2710 suo
744 2647 798 2723 ill,
815 2647 872 2730 qui
889 2650 930 2713 ad
954 2648 1182 2732 deponendam
1201 2671 1327 2715 comam

166 2754 287 2839 capitis
315 2753 368 2817 sui
394 2772 456 2835 pro
487 2751 561 2832 ejus
589 2770 701 2813 amore
727 2750 887 2827 festinat;
911 2757 949 2816 ut
976 2752 1077 2816 donet
1104 2753 1136 2816 ei
1164 2753 1327 2839 Spiritum

169 2859 337 2932 Sanctum,
355 2855 412 2939 qui
435 2854 586 2918 habitum
610 2852 786 2937 religionis
802 2854 837 2916 in
859 2876 899 2917 eo
920 2863 1118 2938 perpetuum
1143 2865 1330 2935 conservet,

168 2967 203 3026 et
224 2983 245 3026 a
260 2958 375 3023 mundi
397 2958 633 3042 impedimento
656 2957 711 3019 vel
735 2957 886 3021 saeculari
909 2959 1074 3022 desiderio
1097 2982 1154 3024 cor
1177 2963 1251 3044 ejus
1273 2964 1328 3027 dc-

166 3064 304 3139 fendat3
328 3069 367 3127 ut
384 3062 470 3125 sicut
492 3061 691 3124 immutatur
706 3060 741 3123 in
763 3060 871 3137 vultu,
887 3061 936 3124 ita
957 3082 1076 3125 manus
1099 3063 1240 3129 dextera
1255 3066 1330 3150 ejus

168 3168 199 3230 ei
222 3165 363 3231 virtutis
385 3164 513 3229 tribuat
536 3163 756 3239 incrementa,
773 3167 808 3226 et
830 3163 873 3226 ab
896 3163 986 3226 omni
1011 3164 1159 3228 caecitate
1184 3167 1331 3234 humana

169 3270 283 3336 oculos
299 3270 373 3353 ejus
389 3266 531 3350 aperiat,
548 3265 710 3329 etlumen
728 3265 904 3330 cisternae
919 3267 1037 3351 gratiae
1052 3267 1223 3355 concedat.
1267 3270 1331 3356 Qui

171 3373 267 3438 vivit.

213 3474 297 3532 Alia.

214 3569 353 3644 Adesto,
370 3566 525 3641 Domine,
543 3565 846 3650 supplicationibus
862 3568 999 3644 nostris,
1015 3573 1051 3632 et
1064 3569 1154 3632 hunc
1170 3570 1331 3634 famulum

169 3679 265 3737 tuum
287 3670 340 3733 ill.
357 3668 553 3733 benedicere
577 3670 727 3753 dignare,
744 3670 796 3734 cui
812 3672 846 3734 in
870 3676 928 3736 tuo
945 3674 1062 3735 sancto
1085 3672 1218 3737 nominc
1233 3674 1329 3738 habi·

168 3778 240 3836 tum
262 3769 437 3854 religionis
461 3789 562 3833 sacrae
579 3769 801 3852 imponimus;
825 3776 864 3835 ut
885 3776 920 3835 tc
936 3770 1114 3854 largiente,
1131 3776 1165 3836 et
1186 3771 1328 3838 devotus

170 3876 205 3938 in
221 3873 364 3938 ecclesia
379 3873 573 3957 persistere,
590 3876 625 3935 et
647 3872 749 3936 vitam
773 3879 933 3938 aternam
955 3880 1126 3939 mereatur
1147 3875 1331 3962 percipere.

173 3979 247 4041 Per.

212 4079 295 4137 Dum
309 4078 415 4147 tondes,
433 4077 509 4134 dicis
524 4075 722 4153 antiphonam.

216 4177 267 4239 Tu
283 4194 330 4250 es,
347 4173 498 4248 Domine,
516 4171 573 4255 qui
588 4171 750 4236 restitues
767 4174 848 4237 mihi
865 4174 1096 4240 haereditatem
1113 4196 1231 4243 meam.

215 4281 275 4342 Pa.
321 4277 486 4341 Dominus
501 4296 581 4359 pars
597 4276 805 4342 haereditatis
821 4301 900 4343 mese
916 4286 950 4344 et
967 4280 1081 4345 calicis
1096 4281 1172 4346 mei.

216 4383 266 4446 Tu
283 4402 319 4445 es
336 4380 440 4444 Deus.
487 4389 519 4443 et
536 4377 663 4442 Gloria.
