2940 4996
521 427 718 491 Benedictio
739 425 855 508 Rapis.
1067 519 1068 522 Ἴ
1250 421 1313 485 351

156 607 245 686 filiis,
273 618 306 677 et
335 614 445 699 tingat
470 616 504 679 in
532 616 605 679 oleo
632 616 750 700 pedem
778 635 885 677 suum.
932 613 1065 676 Cornua
1094 611 1319 675 rhinocerotis

156 734 282 780 cornua
304 718 407 794 illius,
431 720 466 781 in
493 721 576 805 ipsis
604 720 784 784 ventilabit
809 723 929 804 gentes
956 739 1062 801 usque
1091 719 1133 782 ad
1157 717 1320 781 terminos

155 822 262 894 terrae,
279 822 358 903 quia
374 843 532 886 ascensor
547 823 620 887 coeli
636 822 819 887 auxiliator
834 820 919 904 ejus.
964 821 1029 884 Per
1044 820 1234 884 Dominum.

200 919 281 980 Tunc
296 923 374 980 dicct
389 926 481 983 omnis
490 925 616 1003 populns
630 946 694 983 cnm
708 925 845 1002 episcopio
859 924 949 981 tribas
962 923 1081 993 vicibus,

201 1017 305 1082 Vivat
321 1040 379 1082 rex
398 1021 449 1084 iii.
466 1021 501 1083 in
519 1021 770 1106 sempiternum.

204 1121 248 1184 R.
294 1124 412 1186 Amen.

198 1225 239 1282 Et
259 1225 477 1302 confirmabitur
501 1248 565 1284 cnm
590 1228 779 1285 benedictione
803 1226 884 1284 omni
903 1225 1011 1304 populo
1035 1225 1068 1282 in
1090 1225 1161 1282 sotio
1185 1225 1275 1301 reqni,
1298 1233 1323 1282 et

160 1321 287 1378 osculant
297 1322 446 1399 principes
461 1323 494 1380 in
506 1329 709 1400 corripiternnm
723 1323 854 1392 dicentes,

203 1419 322 1493 Amen,
340 1420 457 1492 Amen,
476 1421 592 1481 Amen.

203 1517 305 1595 Deus,
323 1521 560 1602 perpetuitatis
584 1526 711 1596 auctor,
728 1521 795 1583 dux
819 1521 981 1584 virtutum
1005 1518 1162 1594 omnium,
1187 1523 1321 1582 cuncto·

160 1641 300 1704 rumque
326 1623 474 1685 hostium
500 1623 822 1703 victor‚bene>1‹dio
847 1627 937 1688 huno
952 1622 1125 1701 ¹famulum
1153 1626 1246 1685 tuum
1270 1623 1322 1686 iil.

160 1724 223 1786 tibi
255 1745 351 1787 suum
382 1732 483 1810 caput
509 1726 748 1802 inclinantem;
781 1729 915 1791 effunde
944 1748 1046 1811 super
1071 1746 1146 1788 eum
1175 1725 1319 1810 gratiam

160 1827 301 1902 firmam,
315 1833 349 1890 et
361 1829 395 1891 in
408 1828 530 1892 militia
542 1830 576 1893 in
592 1853 659 1915 qua
671 1831 835 1914 probatus
848 1831 1016 1905 consistit,
1029 1829 1161 1914 prolixa
1174 1829 1321 1894 sanitate

162 1935 195 1993 et
221 1951 383 2013 prospera
405 1932 570 1996 felicitate
594 1956 669 1997 eum
697 1955 877 2010 conserva3
905 1941 943 1997 ut
966 1934 1156 2015 ubicunque
1180 1932 1234 1995 vel
1261 1953 1322 2016 pro

160 2034 412 2117 quibuscunque
429 2037 591 2100 auxilium
607 2043 702 2102 tuum
719 2038 939 2114 invocaverit,
956 2037 1023 2101 cito
1040 2037 1140 2111 adsis,
1157 2041 1319 2120 protegas

163 2144 196 2200 et
213 2138 381 2202 defendas.
428 2140 501 2204 Per.

206 2413 384 2478 Rectitudo
400 2417 492 2500 regis
509 2423 562 2480 est
577 2419 710 2481 noviter
734 2418 889 2493 ordinati,
907 2425 941 2481 et
957 2417 990 2481 in
1008 2416 1128 2480 solium
1151 2413 1323 2478 sublimati

162 2518 284 2602 populo
301 2518 368 2581 tria
384 2526 550 2603 praecepta
567 2521 628 2583 sibi
648 2521 781 2584 subdito
797 2522 986 2606 praecipere.

205 2621 374 2705 Inprimis,
402 2628 441 2686 ut
472 2624 614 2689 ecclesia
644 2624 707 2688 Dei
735 2630 770 2689 et
798 2625 905 2689 omnis
930 2623 1075 2709 populus
1107 2620 1322 2685 Christianus

162 2744 275 2786 veram
291 2745 407 2806 pacem
425 2733 563 2789 servent
580 2729 597 2766 '¹‘
616 2729 651 2790 in
668 2728 889 2811 omnipotenti
906 2727 1083 2791 Domino*
1130 2725 1173 2788 R.
1190 2725 1309 2788 Amen.

207 2828 309 2890 Aliud
343 2834 404 2904 est,
434 2835 472 2892 ut
502 2831 708 2914 rapacitates
739 2837 773 2894 et
800 2852 915 2894 omnes
941 2830 1140 2912 iniquitates
1167 2827 1321 2890 omnibus

166 2933 328 3017 gradibus
344 2934 533 2997 interdicat.
580 2935 623 2996 It.
640 2937 757 2998 Amen.

206 3038 357 3101 Tertium
379 3043 442 3112 est,
466 3043 503 3100 ut
527 3038 559 3100 in
586 3040 739 3101 omnibus
758 3037 895 3121 judiciis
920 3035 1110 3118 aequitatem
1134 3037 1169 3095 et
1192 3032 1322 3094 miseri·

164 3141 311 3204 cordiam
327 3141 509 3224 praecipiat,
528 3147 564 3204 ut
587 3163 648 3224 per
663 3142 726 3203 hoo
742 3141 838 3203 nobis
861 3139 1037 3223 indulgeat
1059 3134 1320 3200 misericordiam

165 3265 258 3308 snam
276 3243 421 3308 clemens
439 3251 473 3308 et
488 3246 678 3309 misericors
694 3243 796 3309 Deus.
842 3247 959 3307 Amen.

171 3477 187 3510 *
206 3477 251 3546 lep.
267 3476 296 3528 in
312 3477 529 3547 omnitempore.
