2940 4996
513 453 709 518 Benedictio
728 452 925 532 Oumpanoe.
1236 447 1300 513 135

144 675 151 681 “
177 659 321 736 Sequatur
334 659 504 737 antiphona.

169 754 248 819 Vox
265 756 399 819 Domini
416 775 518 839 super
533 775 649 838 aquas,
668 754 759 818 Deus
776 754 966 836 majestatis
992 751 1162 816 intonuit:
1185 750 1300 814 Domi·

131 879 196 921 nus
213 879 314 942 super
330 879 434 943 aquas
450 856 591 921 multas.

179 961 388 1042 intempore
404 961 583 1036 Paacbali,
601 958 773 1042 Alleluya.

178 1065 235 1127 Ps.
283 1063 358 1128 Vox
375 1064 509 1128 Domini
523 1064 559 1126 in
576 1064 711 1139 virtute,
729 1073 761 1126 et
778 1073 901 1138 cetera,
919 1064 1082 1144 usquein
1093 1062 1209 1143 finem.

183 1167 244 1230 Pe.
289 1167 419 1231 Afferte
434 1165 589 1231 Domino.

188 1270 320 1333 Oratio.
367 1269 584 1352 Omnipotens
606 1267 808 1351 sempiterne
825 1266 929 1341 Deus,
947 1265 1099 1348 quiante
1124 1285 1235 1329 arcam
1250 1264 1308 1327 foe-

139 1371 231 1434 deris
253 1392 315 1454 per
336 1371 527 1455 clangorem
554 1370 709 1434 tubarum
733 1390 848 1432 muros
874 1368 1024 1452 lapideos
1047 1368 1168 1450 quibus
1191 1368 1308 1431 adver·

141 1474 289 1558 santium
313 1475 511 1558 cingebatur
536 1473 703 1536 exercitus
731 1472 849 1535 cadere
876 1471 1008 1535 fecisti:
1039 1477 1078 1535 tu
1104 1472 1166 1534 hoc
1192 1469 1309 1533 tintin-

140 1576 301 1642 nabulum
314 1577 441 1642 coelesti
457 1576 725 1665 beneffldictione
741 1575 913 1661 perfunde,
927 1581 965 1639 ut
979 1580 1057 1638 ante
1075 1574 1220 1638 sonitum
1233 1573 1307 1655 ejus

140 1679 278 1764 longius
291 1679 598 1769 effugenturignita
605 1677 721 1762 jacula
732 1678 866 1753 inimici,
876 1677 1109 1760 percussiones
1121 1676 1308 1751 fulminum,

141 1781 291 1865 impetus
302 1781 458 1865 lapidum,
472 1780 624 1845 laesiones
640 1786 890 1863 tempestatum,
903 1785 942 1843 ut
956 1779 999 1843 ad
1011 1779 1308 1863 interrogationem
1420 1842 1422 1847 .

142 1884 384 1968 propheticam,
401 1884 485 1969 Quid
508 1889 561 1948 est
583 1883 654 1960 tibi,
676 1904 777 1958 mare,
795 1883 882 1966 quod
905 1882 1045 1967 fugistil
1070 1882 1140 1945 suis
1162 1879 1309 1945 motibus

143 2008 220 2051 cum
241 1987 389 2051 Jordane
412 1993 580 2051 retroacta
602 1987 728 2049 fluenta
754 1986 988 2069 respondeant,
1014 1987 1044 2049 A
1066 1985 1152 2048 facie
1175 1984 1309 2048 Domini

143 2094 238 2153 mota
253 2096 306 2154 est
321 2095 421 2164 terra,
434 2111 455 2154 a
468 2088 554 2152 facie
569 2089 632 2152 Dei
646 2089 760 2163 Jacob,
774 2088 830 2171 qui
847 2088 1012 2151 convertit
1022 2086 1162 2150 solidam
1178 2092 1308 2169 petram

144 2191 180 2253 in
197 2195 319 2276 stagna
334 2212 505 2276 aquarum,
522 2196 556 2256 et
570 2212 686 2274 rupem
702 2191 736 2253 in
757 2191 868 2253 fontes
885 2211 1055 2273 aquarum.
1101 2188 1179 2251 Non
1202 2189 1309 2264 nobis,

145 2291 299 2370 Domine,
323 2315 412 2379 ergo,
436 2316 502 2358 non
529 2294 633 2370 nobis,
660 2294 718 2357 sed
741 2293 866 2356 nomini
892 2298 950 2355 tuo
974 2293 1017 2355 da
1039 2291 1181 2376 gloriam
1209 2312 1310 2375 super

146 2396 376 2461 misericordia
398 2401 457 2461 tua
480 2402 513 2461 et
537 2397 678 2460 veritate
701 2403 781 2471 tua3
806 2402 845 2458 ut
860 2395 939 2479 quia
960 2416 1107 2479 praesens
1123 2392 1307 2470 vasculum,

146 2499 236 2563 sicut
250 2499 380 2583 reliqua
402 2498 520 2565 altaris
544 2520 635 2576 vasa,
653 2521 747 2563 sacro
771 2500 951 2562 chrismate
966 2498 1119 2583 tangitur
1140 2498 1214 2580 (uel
1236 2497 1309 2561 oleo

146 2607 263 2666 sancto
277 2603 449 2686 ungitur),
473 2603 660 2687 quicunque
684 2602 725 2666 ad
749 2604 895 2665 sonitum
918 2601 991 2684 ejus
1015 2601 1241 2676 convenerint,
1258 2600 1308 2663 in-

144 2704 408 2769 tercessionibus
436 2705 544 2768 sancti
566 2705 610 2769 N.
638 2705 680 2768 ab
704 2705 857 2769 omnibus
880 2703 1005 2767 inimici
1033 2704 1310 2788 temptationibus

143 2805 244 2870 libori
268 2827 399 2890 semper
420 2807 498 2870 fidei
521 2807 702 2872 Catholicae
726 2808 924 2870 documenta
948 2811 1129 2882 sectentur,
1154 2806 1310 2870 Salvator

146 2908 273 2984 mundi,
301 2912 397 2994 cujus
423 2909 592 2994 generalis
618 2915 702 2973 nutu
733 2909 923 2992 majestatis
949 2909 1172 2992 disponuntur
1198 2909 1310 2974 omnia

146 3033 220 3095 quae
250 3010 323 3075 coeli
353 3013 482 3076 ambitu
512 3013 737 3076 continentur.
782 3012 845 3096 Qui
878 3031 953 3076 cum
983 3012 1084 3076 Patre
1115 3019 1150 3077 et
1181 3012 1310 3097 Spiritu

150 3112 277 3177 Sancto
292 3113 379 3177 vivis
395 3119 429 3178 et
444 3135 579 3199 regnas.

192 3211 307 3273 Deinde
334 3216 512 3273 benedicatur
538 3217 691 3285 incensum,
716 3223 741 3273 et
768 3223 833 3273 tune
856 3215 980 3292 imponet
1006 3217 1134 3273 materiae
1157 3216 1260 3292 ignem,
1285 3225 1310 3275 et

147 3309 340 3386 superjacient
360 3311 519 3387 tbymiama
539 3319 565 3368 et
578 3311 726 3388 nzyrrbom
735 3331 747 3381 ;
767 3310 852 3385 eriget
870 3309 990 3367 cloccam
1009 3331 1093 3387 snper
1111 3311 1265 3381 incensum,
1281 3320 1312 3368 ut

147 3410 238 3461 totum
243 3402 361 3478 firmum
375 3405 458 3462 illum
471 3404 594 3480 colligat,
609 3404 733 3462 cantando
747 3404 944 3480 antiphonam.

193 3500 285 3565 Deus
315 3502 349 3565 in
378 3507 494 3566 sancto
521 3502 576 3566 via
602 3507 682 3565 tua:
714 3501 789 3585 quis
814 3501 907 3564 Deus
933 3523 1075 3587 magnus
1107 3501 1194 3566 sicut
1219 3500 1311 3568 Deus

149 3605 289 3668 nostert
312 3609 350 3667 tu
366 3625 402 3668 es
418 3605 510 3668 Deus
527 3605 582 3689 qui
598 3604 682 3669 facis
697 3603 865 3668 mirabilia
881 3603 985 3667 solus.

193 3708 238 3771 In
255 3717 402 3788 tempore
418 3709 598 3785 Paeonau,
614 3707 781 3790 Alleluya.

192 3810 252 3872 Pa.
295 3808 464 3873 Viderunt
478 3814 512 3874 te
528 3831 630 3894 aquae,
648 3820 679 3873 et
695 3821 808 3874 cetera
823 3823 928 3892 usque
943 3811 981 3872 in
989 3811 1104 3892 finem.

194 3913 256 3975 Pa.
301 3911 396 3974 Voce
412 3933 495 3975 mea.
1043 3907 1044 3910 '

193 4015 281 4078 Item
297 4015 453 4096 sequitur
467 4014 592 4077 oratio.

192 4121 411 4205 Omnipotens
438 4120 641 4204 sempiterne
667 4119 769 4195 Deus,
796 4119 985 4184 dominator
1012 4117 1155 4196 Christe,
1179 4119 1232 4183 cui
1259 4141 1311 4184 se-

149 4223 291 4289 cundum
315 4223 426 4288 carnis
448 4222 710 4306 assumptionem
731 4221 909 4285 dormienti
931 4221 965 4284 iu
988 4221 1076 4298 navi,
1093 4222 1170 4284 dum
1193 4223 1312 4288 oborta

145 4331 330 4411 tempestas
341 4346 433 4390 mare
445 4325 691 4399 conturbasset,
701 4328 735 4387 te
747 4322 900 4408 protinus
911 4322 1056 4388 excitato
1069 4329 1103 4388 et
1113 4323 1307 4405 imperante,
