2940 4996
495 401 753 468 Benedictiouca
769 408 1008 490 Episcopalee.
1269 415 1333 478 193

169 605 321 682 liberare,
348 627 393 676 ,ac
431 605 518 682 fidei,
552 607 621 690 spei
661 614 695 673 et
733 603 896 675 caritatis
920 614 1130 680 nutrimento
1168 617 1332 683 divinitus

173 708 351 773 oblectare.
396 710 514 773 Amen.

211 811 381 896 Quatenus
405 811 462 895 qui
487 811 720 879 translationis
747 815 820 898 ejus
845 819 1036 884 veneranda
1058 820 1170 884 colitis
1194 822 1328 906 gaudia,

169 914 328 978 virtutum
353 914 522 978 exercitiis
544 914 586 978 de
612 917 756 982 terrenis
779 919 934 1003 migretis
958 921 1001 984 ad
1025 923 1176 989 coelestia
1198 930 1233 989 et
1255 946 1329 988 cum

166 1026 348 1101 purpurato
366 1023 548 1100 martyrum
562 1020 711 1084 exercitu
727 1021 761 1083 in
779 1020 976 1107 angelorum
990 1027 1207 1090 ascribamini
1223 1028 1328 1092 curia.

173 1123 290 1186 Arnen.

209 1328 249 1386 Iu
264 1327 450 1388 Ecultotr'oac
463 1338 566 1408 sanctur
584 1330 694 1388 Crucis.

207 1528 311 1606 Deus,
341 1530 399 1613 qui
428 1529 601 1594 redemisti
631 1552 739 1615 genus
774 1534 957 1597 humanum
989 1556 1048 1619 per
1082 1538 1186 1601 beatae
1217 1537 1326 1601 erucis

165 1632 361 1716 patibulum,
373 1637 411 1697 ut
423 1634 511 1717 quod
527 1633 618 1717 prius
631 1639 706 1698 erat
718 1635 871 1700 scelestis
887 1637 930 1701 ad
943 1659 1083 1721 poenam,
1098 1639 1144 1705 sit
1155 1642 1325 1704 conversis

164 1737 347 1820 redemptio
362 1738 405 1801 ad
421 1739 534 1813 vitam,
550 1738 693 1801 concede
717 1738 806 1823 plebi
829 1743 894 1803 tuae
919 1741 994 1823 ejus
1017 1742 1144 1807 salvari
1160 1745 1325 1828 prasidio,

164 1839 260 1922 cujus
276 1845 331 1905 est
345 1846 476 1905 armata
492 1839 626 1903 vexillo.
672 1842 789 1904 Amen.
1245 1864 1248 1868 ’

207 1942 259 2006 Sit
275 1943 306 2006 ei
322 1964 403 2006 crux
419 1943 496 2006 fidei
518 1943 782 2030 fondamentum,
799 1944 872 2027 spei
888 1947 1097 2031 suffragium,
1114 1949 1148 2011 in
1172 1949 1324 2014 adversis

165 2046 326 2122 defensio,
342 2046 377 2109 iu
393 2046 564 2131 prosperis
580 2045 820 2128 adjumentum.
870 2050 988 2112 Amen.
1093 2038 1099 2051 ’

206 2150 472 2232 Perseveretque
498 2150 531 2212 in
557 2150 655 2213 hoste
680 2150 830 2226 victoria,
857 2152 890 2213 in
916 2151 1053 2216 civitate
1078 2155 1266 2230 concordia,
1290 2157 1323 2219 in

165 2273 281 2338 campo
304 2253 467 2327 custodia,
490 2252 523 2315 in
548 2253 645 2316 domo
668 2252 806 2330 fultura,
831 2256 869 2316 ut
891 2275 1029 2338 gregem
1053 2255 1088 2318 in
1110 2256 1224 2320 futuro
1247 2279 1324 2322 con-

165 2363 276 2423 servet
302 2357 510 2432 incolumem,
537 2377 609 2439 queo
636 2357 733 2421 nobis
766 2359 862 2441 Agno
893 2357 1047 2422 vincente
1078 2380 1177 2424 versa
1204 2366 1258 2426 est
1287 2363 1320 2425 in

167 2460 318 2525 salutem.
366 2461 486 2523 Amen.

207 2563 299 2649 Quod
316 2562 400 2646 ipse.

203 2771 242 2828 Ia
258 2769 528 2828 Commemoratione
543 2768 733 2826 Animarum.

204 2973 306 3048 Deus,
319 2971 407 3055 apud
423 2992 520 3054 quem
538 2969 721 3034 electorum
734 2970 861 3047 animae,
874 2971 1028 3060 absoluto
1045 2976 1196 3059 corporis
1208 2999 1320 3056 onere,

164 3098 293 3140 summa
306 3073 474 3138 felicitate,
488 3073 655 3150 laetantur,
667 3073 739 3161 ipse
754 3075 939 3158 gratuitam
956 3075 1051 3139 vobis
1066 3079 1210 3160 gratiam
1227 3102 1321 3144 suam
1341 3137 1343 3140 .

160 3180 338 3265 dignanter
352 3176 518 3252 infundat,
530 3180 567 3238 ut
579 3197 639 3260 pro
655 3175 832 3252 defunctis,
846 3197 987 3259 quorum
999 3177 1119 3241 devote
1129 3183 1320 3246 memoriam

160 3282 272 3367 agitis,
287 3278 404 3344 fideles
419 3286 498 3343 ante
515 3299 590 3341 eum
606 3278 853 3342 interventores
869 3299 943 3342 esse
959 3278 1113 3343 valeatis.
1158 3283 1277 3348 Amen.

204 3385 300 3450 Dona
324 3383 508 3448 clementia
525 3403 591 3446 suae
614 3381 709 3445 vobis
725 3381 972 3466 augmentando
996 3383 1209 3469 multiplicet,
1225 3395 1264 3453 ut
1287 3397 1321 3455 et

159 3512 218 3575 pro
235 3489 358 3553 vestris
374 3486 575 3551 fiducialiter
596 3485 648 3548 illi
664 3485 853 3570 supplicare
873 3485 1016 3562 delictis,
1032 3491 1068 3552 et
1089 3510 1150 3573 pro
1165 3490 1320 3557 fidelibus

160 3596 191 3656 in
225 3593 288 3658 illa
321 3591 430 3657 altera
464 3593 535 3656 vita
564 3590 636 3673 jam
671 3590 866 3655 constitutis
900 3591 1080 3657 efficaciter
1113 3592 1318 3661 intervenire

160 3697 308 3781 possitis.
354 3696 473 3759 Amen.

199 3800 280 3886 Quo,
296 3800 370 3882 ipso
394 3797 595 3883 opitulante,
612 3802 646 3860 et
667 3795 815 3860 fidelium
838 3796 984 3861 omnium
1009 3803 1111 3882 atque
1127 3804 1315 3867 vestrorum

158 3905 285 3988 pariter
299 3901 541 3986 indulgentiam
557 3903 768 3985 peccatorum
785 3902 827 3964 ab
844 3921 883 3963 eo
906 3899 1053 3965 feliciter
1068 3900 1265 3986 impetretis,
1283 3914 1318 3972 et

157 4006 190 4070 in
206 4005 377 4072 tremendo
392 4005 452 4069 illo
466 4004 573 4068 futuri
588 4004 751 4069 examinis
762 4003 888 4086 judicio
904 4025 978 4068 cum
994 4003 1112 4069 electis
1126 4008 1316 4090 portionem

156 4111 188 4173 in
203 4108 285 4174 coelo
302 4107 373 4171 sine
388 4108 454 4170 fine
469 4106 682 4192 possideatis.
730 4108 848 4169 Amen.

200 4212 293 4297 Quod
308 4211 390 4295 ipse.
512 4243 515 4249 ·

241 4431 337 4495 Pont.
355 4430 396 4492 24
