2940 4996
206 420 249 489 80
601 426 786 494 Dedicotto
801 426 974 497 Ecclesia.

250 629 474 712 offertorium.
518 629 662 697 Domine
678 631 779 709 Deus,
795 634 829 697 in
846 631 1060 717 simplicitate
1075 631 1195 698 cordis.

247 733 397 799 Secreta.
442 735 545 811 Deus,
560 736 618 818 qui
642 734 879 802 sacrandorum
901 734 963 801 tibi
985 739 1155 801 auctores
1177 754 1366 811 munerum,

204 836 336 901 effunde
360 858 461 922 super
475 839 560 903 hanc
582 838 745 904 orationis
766 840 899 903 domum
921 838 1184 903 benedictionem
1206 842 1367 912 tuam-ut

204 946 246 1011 ab
258 946 409 1011 omnibus
420 947 651 1012 invocantibus
661 969 780 1013 nomen
792 954 898 1026 tuum,
909 947 1112 1014 defensionis
1123 951 1189 1012 tuae
1200 947 1365 1012 auxilium

204 1049 380 1113 sentiatur.
425 1051 489 1114 Per
502 1049 692 1116 Dominum.

247 1154 458 1218 Benedictio.
514 1153 731 1239 Omnipotens
756 1152 860 1230 Deus,
885 1152 942 1239 qui
967 1174 1029 1219 nos
1054 1152 1216 1218 hodierna
1239 1150 1363 1216 dicad

203 1253 443 1320 dedicationem
458 1255 557 1321 istius
573 1256 656 1320 aulae
670 1256 828 1341 dignatus
843 1277 881 1321 es
900 1256 1057 1334 adunare,
1072 1256 1143 1344 ipse
1158 1275 1220 1322 nos
1234 1253 1363 1321 coelesti

202 1359 431 1424 bencdictione
446 1360 602 1445 dignetur
616 1359 831 1444 locupletare.
876 1362 992 1427 Amen.

260 1462 493 1547 Concedatque
523 1463 619 1527 nobis
648 1462 721 1526 fieri
750 1461 913 1547 templum
944 1483 1039 1528 suum
1069 1468 1105 1529 et
1132 1459 1362 1527 habitaculum

205 1565 349 1651 Spiritus
367 1566 490 1643 Sancti,
506 1566 562 1649 qui
577 1564 747 1649 proprium
763 1564 886 1629 Filium
903 1587 999 1629 suum
1017 1565 1195 1631 Dominum
1209 1569 1362 1631 nostrum

203 1667 225 1732 J
226 1688 320 1731 esum
335 1666 505 1732 Christum
521 1667 693 1752 pronubis
710 1665 814 1752 elegit
828 1666 1004 1732 immolari.
1048 1669 1166 1732 Amen.

247 1769 418 1852 Quatenus
433 1775 543 1833 mente
559 1773 593 1832 et
608 1789 745 1853 corpore
760 1768 936 1854 purificati,
951 1769 1174 1835 habitatorem
1196 1767 1304 1834 Deum
1327 1768 1361 1833 in

202 1871 449 1955 vobismetipsis
472 1891 603 1955 semper
624 1872 747 1937 habere
769 1872 918 1956 possitis,
934 1877 969 1938 et
989 1877 1120 1936 aeternae
1141 1870 1361 1938 beatitudinis

202 1973 428 2038 haereditntem
444 1993 518 2036 cum
535 1973 660 2037 sanctis
675 1978 710 2038 et
724 1973 842 2038 electis
858 1976 928 2038 suis
941 1975 1153 2061 possideatis.
1197 1975 1316 2042 Amen.

245 2076 339 2161 Quod
353 2076 423 2161 ipse
439 2080 597 2160 praestare
612 2075 777 2160 dignetur.
1314 2100 1319 2106 ·

245 2181 449 2244 Communia.
494 2177 621 2243 Domus
637 2198 710 2243 mea
724 2178 842 2243 domus
856 2178 1016 2244 orationis
1032 2177 1216 2243 vocabitur.

244 2283 528 2348 Postcommaaio.
572 2281 772 2366 Multiplica,
798 2303 996 2366 quaesumus,
1021 2281 1172 2359 Domine,
1198 2302 1259 2368 per
1287 2283 1359 2350 haec

202 2391 319 2450 sancta
340 2406 412 2468 quae
435 2382 635 2468 sumpsimus
657 2383 691 2446 in
714 2384 888 2449 animabus
908 2385 1034 2449 nostris
1055 2384 1232 2450 veritatem
1254 2390 1360 2464 tuam,

202 2493 242 2554 ut
256 2494 290 2553 te
308 2488 437 2573 jugiter
450 2486 485 2549 in
508 2487 631 2571 templo
647 2491 763 2551 sancto
778 2490 838 2552 tuo
860 2487 1047 2563 adoremus,
1062 2491 1099 2552 et
1119 2489 1154 2551 in
1176 2495 1360 2573 conspectu

201 2598 349 2656 tuocum
373 2590 497 2655 sanctis
513 2590 665 2655 omnibus
687 2590 878 2676 gloriemur.
923 2590 989 2656 Per
1008 2589 1185 2656 Dominum
1207 2597 1359 2660 nostrum

202 2694 224 2759 J
226 2716 318 2759 esum
335 2693 513 2760 Christum.
