2940 4996
158 406 201 470 64
555 405 739 470 Dcdiootio
754 403 926 470 Ecclesia.

156 693 1309 821 ΞΜ

151 873 287 916 nomen
311 852 363 917 Do
381 854 455 916 -mi
471 892 485 903 ·
500 854 556 930 ni;
579 854 692 937 qui-a
720 851 865 916 err-alta
879 855 979 914 -tum
1001 853 1055 913 est
1075 867 1211 911 nomeu
1227 844 1309 927 e-jns

155 999 381 1128 Ξ

155 1163 193 1206 so
209 1143 288 1205 -li-
303 1165 354 1208 us.
815 1194 820 1202 .

198 1437 369 1501 Psalmos.
414 1437 595 1500 Laudate
610 1435 677 1499 Do·
692 1436 833 1499 mi-num
850 1434 891 1500 de
908 1434 1009 1499 coelis.

198 1539 332 1616 Sequitur
344 1540 439 1597 oratio
452 1547 517 1596 onte
530 1538 621 1598 altore
634 1538 765 1597 dicenda.

198 1634 363 1697 Dominus
378 1634 560 1698 vobiscum.

199 1735 351 1799 Oremus.

199 1835 298 1900 Solus
314 1842 348 1901 et
363 1836 545 1901 ineffabilis
558 1858 776 1921 supernorum
790 1857 861 1912 rex,
873 1834 1013 1900 Domine
1028 1833 1130 1912 Deus,
1140 1834 1311 1909 auxiliare,

156 1960 354 2024 quaesumus,
384 1940 531 2005 ecclesiae
565 1946 641 2016 tuae,
671 1945 711 2005 nt
739 1941 925 2024 quicunque
958 1939 1012 2003 hic
1041 1939 1088 2003 ad
1118 1938 1252 2003 laudem
1281 1941 1313 2002 et

156 2041 394 2106 exaltationem
419 2043 561 2106 nominis
587 2043 637 2106 tui
660 2043 883 2119 convenerint,
907 2054 1007 2106 sacra
1029 2040 1217 2105 devotionis
1242 2061 1313 2126 pro·

159 2145 273 2210 {iciant
287 2145 512 2223 incrementis,
527 2150 567 2209 ut
581 2149 640 2208 tuo
663 2166 794 2230 semper
808 2165 944 2208 munere
965 2145 1203 2229 gubernentur,
1220 2149 1256 2209 et
1276 2142 1314 2207 ad

153 2248 391 2333 redemptionis
406 2254 535 2313 aeternae
550 2248 755 2332 pertingant,
770 2253 805 2312 te
825 2246 976 2324 ducente,
993 2247 1209 2311 consortium.
1253 2247 1313 2312 Per

158 2350 345 2416 Dominum.

197 2455 292 2512 Tertio
306 2476 411 2531 quoquo
424 2454 567 2532 episcopus
577 2452 719 2512 euolutam
732 2452 843 2510 damus
854 2452 1013 2523 circumeat,
1025 2471 1130 2528 uquam
1143 2451 1311 2511 benedictam

155 2568 241 2623 quom
255 2549 342 2606 ultius
355 2550 427 2606 colet
435 2571 490 2626 per
500 2550 622 2627 parietes
635 2547 799 2626 spurqendO,
814 2568 878 2606 oum
890 2547 944 2605 troo
956 2547 1122 2624 antiphona.

156 2709 1312 2834 -ΞΞΞεᾟ-ΞΞ

200 2883 263 2967 Qui
292 2885 386 2947 ha-bi
401 2922 415 2933 -
431 2889 483 2950 tat
513 2885 547 2948 in
574 2883 720 2967 ad-ju-to
734 2883 822 2945 -ri-
837 2920 851 2932 -
867 2903 887 2946 o
913 2879 947 2945 al
963 2918 977 2931 ·
991 2880 1144 2946 tis-simi
1173 2880 1209 2944 in
1238 2901 1310 2966 pro·

154 3181 303 3244 tecti-o
319 3220 331 3230 -
347 3204 388 3246 ne
408 3182 458 3246 De
474 3222 487 3233 -
503 3185 515 3246 i
544 3206 591 3247 coc
608 3221 621 3232 -
644 3222 658 3233 -
674 3183 700 3246 li
723 3204 795 3246 com
811 3217 825 3229 ·
841 3204 895 3245 mo
911 3221 924 3232 -
939 3180 1109 3246 rabi-tur.

406 3318 788 3446 ³²:233

199 3474 373 3539 Paatmus.
417 3474 532 3540 Di-oet
573 3474 754 3540 Domi-no.

200 3578 334 3654 Sequitur
347 3577 438 3635 oratio
452 3586 516 3634 onte
530 3577 628 3635 ultore.

200 3673 364 3738 Dominus
380 3673 560 3738 vobiscum.

204 3777 355 3841 Oremus.

201 3879 347 3960 Adjutor
361 3877 536 3954 altissime,
552 3883 673 3942 aeterne
688 3879 781 3943 Deus
794 3882 828 3944 et
843 3880 1013 3964 protector
1028 3873 1184 3952 ooelestis,
1200 3896 1314 3961 preces

157 3985 290 4045 nostras
313 3979 493 4044 clementer
515 3981 643 4056 exaudi,
660 3983 820 4065 nobisque
843 3979 1103 4045 misericordiam
1125 3982 1219 4042 tuam
1242 3998 1316 4063 pos-

157 4082 309 4148 centibus
332 4082 483 4158 concede,
498 4089 536 4148 ut
558 4084 744 4167 quicunque
767 4085 856 4148 intra
878 4083 1024 4168 parietes
1045 4081 1148 4163 hujus
1171 4078 1315 4144 ecclesia

158 4188 200 4251 ad
229 4191 263 4249 te
294 4184 520 4261 clamaverint,
552 4188 695 4251 omnium
728 4187 858 4252 veniam
888 4182 1098 4271 peccatorum
1127 4187 1163 4248 et
1194 4184 1316 4269 gandia

157 4288 327 4374 percipere
344 4292 535 4352 mereantur
550 4293 682 4353 aeterna.
729 4291 793 4353 Per
809 4288 996 4353 Dominum.
1051 4321 1053 4328 ι
