2940 4996
513 413 734 476 Consecratio
750 411 866 496 Regis.
1019 413 1023 420 ’
1198 407 1261 473 271

110 613 154 678 da
184 615 263 680 huic
292 615 418 681 famulo
449 621 508 680 tuo
538 616 587 682 ill.
619 617 771 700 spiritum
801 616 972 702 sapientiae
1003 636 1077 680 cum
1108 613 1270 700 regimine

106 716 301 803 discipliuae,
313 724 352 783 ut
370 719 431 784 tibi
442 724 516 784 toto
533 720 630 783 corde
643 720 783 784 devotus
799 720 832 783 iu
848 718 944 806 regni
955 717 1118 804 regimine
1134 723 1269 780 maneat

111 839 244 905 semper
265 822 415 898 idoneus,
437 828 563 907 tuoque
586 844 723 887 munere
746 823 853 908 ipsius
877 822 1085 906 temporibus
1108 819 1271 884 securitas

107 922 255 989 ecclesia
286 925 463 1010 dirigatur,
492 931 527 990 et
557 927 592 989 in
626 925 874 1010 tranquillitate
908 923 1042 989 devotio
1074 920 1269 987 Christiana

110 1032 317 1109 permaneat,
341 1034 381 1093 ut
408 1028 442 1092 in
470 1028 567 1092 bonis
598 1028 755 1113 operibus
781 1048 1009 1112 perseverans,
1037 1028 1079 1092 ad
1109 1029 1269 1090 aeternum

110 1148 251 1213 regnum
265 1135 301 1195 te
315 1129 398 1194 duce
415 1130 530 1196 valeat
543 1131 729 1215 pervenire.
774 1131 847 1195 Per.

152 1233 230 1291 Atia
243 1235 344 1293 oratio.

155 1329 194 1395 In
218 1330 336 1396 diebus
359 1332 429 1396 tuis
452 1332 583 1397 oriatur
604 1332 758 1396 omnibus
780 1331 921 1416 aequitas
937 1335 972 1396 et
989 1329 1137 1414 justitia,
1152 1324 1270 1392 amicis

111 1433 326 1518 adjutorium,
349 1435 493 1502 inimicis
520 1436 741 1513 obstaculum,
762 1435 945 1500 humilibus
973 1435 1143 1510 solatium,
1170 1429 1269 1495 elatis

108 1538 282 1616 correctio,
312 1539 474 1605 divitibus
504 1540 665 1617 doctrina,
695 1541 899 1625 pauperibus
929 1539 1048 1624 pietas,
1078 1533 1267 1623 peregrinis

36 1649 40 1661 ’
111 1641 309 1724 pacificatio,
320 1642 466 1728 propriis
477 1643 511 1707 in
523 1642 635 1727 patria
646 1664 711 1727 pax
723 1646 757 1706 et
770 1642 945 1707 securitas.
990 1641 1269 1729 Unumquemquc

114 1743 295 1808 secundum
327 1764 421 1808 suam
449 1766 639 1810 mensuram
670 1745 841 1809 moderate
870 1744 1074 1830 gubernans,
1100 1752 1134 1810 te
1164 1746 1272 1830 ipsum

115 1844 252 1910 sedulus
278 1846 451 1924 discutias,
478 1852 516 1912 ut
548 1867 695 1932 superna
723 1846 887 1933 irrigatus
917 1847 1170 1932 compunctione
1201 1853 1272 1914 toto

112 1948 236 2032 populo
262 1947 389 2015 Ohristi
413 1950 542 2036 placita
563 1951 711 2035 praebere
733 1949 810 2014 vita
832 1949 943 2035 possis
966 1949 1130 2034 exempla,
1153 1957 1188 2016 et
1209 1973 1271 2035 per

114 2052 201 2115 viam
217 2051 372 2118 veritatis
387 2075 461 2118 oum
482 2074 586 2140 grege
600 2052 759 2139 gradiens
781 2052 843 2117 tibi
866 2052 1010 2130 subdito,
1026 2073 1107 2138 opes
1120 2054 1272 2140 frugales

113 2154 323 2221 abundanter
356 2156 522 2240 acquiras.
569 2154 676 2221 Simul
707 2155 749 2220 ad
785 2153 929 2219 salutem
960 2175 1027 2218 non
1059 2155 1168 2220 solum
1200 2177 1271 2220 cor-

113 2278 231 2341 porum
259 2258 317 2322 sed
342 2259 444 2323 etiam
468 2258 616 2323 cordium
643 2280 664 2324 a
687 2259 759 2323 Deo
786 2277 946 2322 concessa
970 2265 1090 2324 cuncta
1116 2259 1271 2344 accipias.

115 2362 235 2446 Sioquc
250 2361 285 2425 in
308 2367 342 2427 tc
365 2364 549 2448 cogitatum
572 2363 676 2428 animi
698 2362 940 2445 consiliumque
963 2383 1060 2426 omne
1083 2384 1271 2448 componas,

112 2469 153 2529 ut
175 2464 285 2548 plebis
308 2464 634 2549 gubernaculorum
658 2486 741 2549 pace
765 2463 923 2529 simulet
950 2464 1117 2548 sapientia
1141 2486 1273 2551 semper

111 2569 264 2635 invenire
285 2570 446 2647 videaris3
470 2568 604 2634 Christo
625 2567 810 2634 auxiliante
831 2568 1005 2653 praesentis
1030 2568 1106 2634 vitas
1130 2570 1270 2654 prolixi·

113 2681 220 2740 tatem
245 2675 421 2760 percipias,
442 2680 477 2739 et
499 2695 559 2759 per
580 2673 780 2759 temporalia
801 2673 889 2738 bona
909 2693 1014 2757 usque
1038 2673 1081 2738 ad
1107 2694 1269 2739 summam

113 2783 319 2843 senectutem
334 2778 521 2861 pervenias,
533 2777 698 2861 hujusque
709 2776 909 2862 fragilitatis
921 2776 1020 2840 finem
1032 2776 1214 2861 perfectum
1227 2779 1270 2844 ab

112 2881 266 2944 omuibus
282 2879 439 2945 vitiorum
450 2877 594 2942 vinculis
610 2899 759 2963 supernae
775 2878 912 2962 pietatis
927 2877 1087 2964 largitate
1098 2884 1270 2945 transcen-

114 2984 186 3061 das,
202 2989 237 3049 et
258 2983 392 3048 infinitae
415 2981 649 3067 prosperitatis
671 2981 806 3066 praemia
828 2986 990 3066 perpetua
1012 2981 1272 3068 angelorumque

115 3091 240 3150 aeterna
255 3086 453 3149 commercia
468 3083 693 3168 consequaris.
738 3083 812 3146 Per.

159 3189 338 3247 t'onsecratt'o
352 3187 425 3264 repis
438 3187 474 3244 ab
487 3187 615 3263 episcopo
628 3185 680 3262 qui
693 3204 786 3243 arcem
800 3183 920 3242 tenuerit
932 3203 1017 3260 sttper
1030 3203 1092 3242 cum
1106 3185 1237 3244 dicenda.

160 3284 376 3368 Omnipotens
392 3283 594 3368 sempiterne
609 3282 713 3358 Deus,
730 3286 862 3345 creator
877 3301 916 3344 ac
930 3281 1136 3366 gubernator
1150 3281 1222 3346 coeli
1238 3288 1273 3347 et

113 3394 221 3464 terrae,
253 3387 405 3453 conditor
434 3392 468 3451 et
497 3384 680 3469 dispositor
710 3382 906 3468 angelorum
937 3389 972 3447 et
1000 3382 1181 3461 hominum,
1211 3405 1270 3448 rex

114 3514 233 3580 regum
248 3497 283 3556 et
298 3490 451 3555 dominus
466 3489 683 3565 dominorum,
700 3488 754 3572 qui
778 3488 949 3552 Abraham
964 3485 1095 3550 fidelem
1110 3486 1273 3551 famulum

117 3606 211 3664 tuum
234 3595 275 3659 dc
296 3593 452 3658 hostibus
472 3591 679 3676 triumphare
701 3590 823 3666 fecisti,
839 3587 950 3674 Moysi
968 3592 1003 3653 et
1024 3587 1135 3654 Josuae
1150 3588 1273 3673 populo

115 3709 174 3768 tuo
190 3697 338 3785 praelatis
353 3694 571 3780 multiplicem
586 3693 761 3758 victoriam
782 3690 944 3768 tribuisti,
959 3690 1119 3755 humilem
1142 3712 1272 3776 quoque

118 3804 227 3870 David
242 3820 381 3886 puerum
397 3803 491 3863 tuum
506 3796 602 3882 regni
625 3795 762 3881 fastigio
779 3794 979 3872 sublimasti,
995 3813 1136 3877 eumque
1151 3795 1193 3860 de
1215 3816 1273 3860 ore

116 3907 224 3972 leonis
239 3903 328 3969 etde
344 3922 446 3964 manu
457 3898 572 3964 bestiae
588 3904 688 3983 atque
705 3896 807 3962 Goliae
819 3897 878 3962 sed
893 3897 983 3960 etde
998 3895 1110 3981 gladio
1125 3890 1273 3983 maligno

119 4009 200 4077 Saul
230 4013 265 4072 et
295 4003 441 4071 omnium
467 4002 676 4066 inimicorum
706 4000 780 4082 ejus
812 3999 974 4076 liberasti,
1001 4002 1036 4063 et
1062 3997 1273 4064 Salomonem

118 4112 289 4197 sapientiae
304 4109 461 4195 pacisque
476 4104 640 4169 ineffabili
663 4123 800 4167 munere
815 4102 942 4179 ditasti,
958 4103 1087 4185 respice
1109 4102 1274 4187 propitius

117 4217 161 4283 ad
175 4234 293 4301 preces
307 4216 430 4278 nostrae
444 4207 656 4284 humilitatis,
673 4210 707 4272 et
722 4226 822 4291 super
836 4205 923 4268 hunc
938 4204 1100 4268 famulum
1114 4213 1209 4269 tuum
1223 4206 1273 4271 ill.

117 4342 216 4404 quem
243 4315 386 4402 supplici
412 4312 588 4378 devotione
614 4311 649 4373 in
673 4330 787 4395 regem
814 4307 998 4394 Anglorum
1025 4307 1079 4372 vel
1105 4307 1273 4375 Saxonum
