2940 4996
482 415 532 478 Do
551 415 738 478 Ordinibus
757 414 986 496 Conferendio.
1249 409 1315 472 313

155 617 311 702 placatus
334 618 481 696 intende,
498 641 597 703 quem
620 619 689 683 tuis
714 618 872 683 sacrariis
896 617 1099 694 serviturum
1117 615 1151 678 in
1174 614 1316 679 officium

157 721 290 784 diaconi
326 720 525 806 suppliciter
559 722 762 785 dedicamus.
807 720 852 783 Et
886 740 948 783 nos
982 718 1126 802 quidem,
1156 722 1316 801 tanquam

157 823 309 886 homines
344 823 449 886 divini
487 844 607 887 sensus
646 829 681 887 et
715 843 850 886 summa
881 821 1024 885 rationis
1062 819 1185 905 ignari,
1216 821 1318 903 bujus

159 926 273 1001 vitam,
296 934 456 1009 quantum
480 946 668 1010 possumne,
689 926 904 990 aestimamus.
950 925 997 987 Te
1020 930 1144 999 autem,
1166 922 1317 1000 Domine,

158 1050 198 1093 ea
213 1050 285 1112 quae
296 1029 394 1093 nobis
410 1036 489 1094 sunt
497 1030 616 1114 ignota
630 1050 696 1092 non
707 1035 896 1105 transcunt,
908 1033 942 1092 te
955 1026 1087 1115 occulta
1102 1047 1168 1089 non
1183 1027 1317 1091 fallunt.

159 1132 210 1194 Tu
226 1133 379 1216 cognitor
391 1140 607 1208 secretorum,
619 1138 657 1196 tu
674 1138 842 1197 scrutator
854 1125 891 1196 es
901 1131 1060 1206 cordium,
1074 1135 1110 1194 tn
1127 1129 1201 1211 ejus
1212 1131 1316 1196 vitam

158 1233 285 1299 coelesti
309 1236 438 1319 poteris
463 1235 654 1299 examinare
677 1235 815 1317 judicio,
838 1257 902 1319 quo
928 1254 1061 1317 semper
1087 1233 1258 1318 praevaleo,
1283 1241 1319 1300 ct

160 1336 308 1401 admissa
329 1360 485 1423 purgare,
503 1345 539 1403 et
561 1360 602 1402 ea
617 1360 688 1424 quae
712 1344 789 1403 sunt
810 1338 942 1423 agenda
957 1337 1148 1402 concedere.
1192 1337 1319 1404 Emitte

160 1440 194 1504 iu
218 1462 304 1517 eum,
328 1442 479 1518 Domine,
496 1462 695 1525 quasumus,
718 1443 878 1527 Spiritum
903 1443 1073 1517 Sanctum,
1089 1462 1154 1524 quo
1176 1441 1211 1504 in
1235 1464 1320 1528 opus

160 1544 339 1607 ministerii
371 1544 519 1609 fideliter
553 1545 757 1630 exsequendi
792 1546 997 1629 septiformis
1030 1544 1149 1629 gratiae
1182 1567 1319 1612 munere

160 1650 339 1712 roboretur
352 1648 387 1711 in
402 1647 512 1712 instar
525 1648 660 1713 illorum
676 1669 760 1733 quos
775 1649 808 1712 in
832 1648 970 1712 exordio
986 1648 1158 1712 nascentis
1173 1649 1321 1715 ecclesia

162 1750 307 1837 apostoli
330 1754 380 1815 tui
407 1751 577 1834 adjutores
601 1753 664 1817 sibi
687 1760 721 1817 et
744 1752 883 1817 comites
910 1751 1120 1816 addiderunt.
1165 1753 1323 1819 Abundat

162 1855 197 1918 in
214 1875 253 1917 eo
265 1854 370 1918 totius
382 1855 490 1919 forma
505 1855 652 1932 virtutis,
664 1855 848 1919 auctoritas
860 1854 1021 1930 modesta,
1033 1852 1140 1938 pudor
1154 1862 1323 1935 constans,

162 1956 360 2021 innocentia
393 1957 535 2040 puritas,
569 1963 603 2022 et
633 1957 796 2041 spiritalis
828 1957 1020 2021 observatio
1051 1956 1254 2041 disciplinae3
1287 1961 1323 2024 in

162 2059 312 2123 moribus
328 2058 402 2141 ejus
418 2066 585 2144 praeopta
599 2067 660 2124 tua
674 2060 839 2144 fulgeant,
853 2066 888 2123 et
904 2080 970 2123 suae
986 2059 1155 2124 castitatis
1171 2063 1323 2147 exemplo

162 2161 384 2226 imitationem
415 2168 533 2226 sancta
563 2162 658 2248 plebs
688 2164 859 2247 acquirat;
895 2168 930 2226 et
959 2163 1081 2226 bonum
1113 2164 1322 2230 conscientia

164 2265 394 2330 testimonium
417 2267 601 2350 proferens,
623 2267 657 2331 in
682 2267 817 2332 Christo
840 2268 955 2330 firmus
980 2271 1014 2331 et
1033 2265 1166 2330 stabilis
1187 2289 1323 2353 persev-

166 2375 255 2444 eret3
280 2369 457 2453 dignisque
485 2371 696 2434 successibus
719 2371 759 2434 de
786 2368 937 2434 inferiori
964 2368 1071 2453 gradu
1094 2390 1154 2453 per
1180 2371 1324 2455 gratiam

165 2479 257 2538 tuam
274 2475 407 2557 potiora
422 2495 542 2557 capere
558 2481 738 2540 mereatur.
785 2476 849 2539 Por
864 2474 1053 2540 Dominum.
