2940 4996
247 411 288 471 40
611 415 793 475 Ordinatio
810 417 1043 476 Sacerdotem.

291 615 389 671 Postea
409 616 560 692 episcopas,
582 617 714 693 depositis
734 618 896 674 chirothecis
916 626 941 674 et
962 626 1100 693 resumpto
1119 616 1236 687 annulo,
1257 617 1362 687 sedeat,
1385 627 1408 675 et

249 729 372 785 expansa
396 710 513 766 tobullia
536 732 619 787 snper
642 733 740 786 penna,
764 713 887 788 accipiat
911 712 1000 769 oleum
1024 719 1160 780 sanctum,
1184 712 1232 767 cni
1253 711 1408 769 misceatur

247 803 378 874 cbrisma,
394 826 446 880 pro
460 827 489 862 eo
503 807 577 882 qnod
590 807 620 863 in
640 808 841 863 consecratione
855 806 1016 864 cirismatis
1030 807 1068 879 fit
1081 806 1185 863 mentio
1207 806 1240 862 de
1254 805 1405 863 ordinibus

246 899 436 957 ecclesiasticis
458 922 512 978 per
538 903 632 978 ipsum
656 903 844 978 perficiendis.
887 901 930 958 Et
948 902 1045 974 faeiat
1073 921 1164 958 cruces
1191 922 1275 978 super
1305 901 1404 959 ambas

246 1013 347 1050 acanus
366 995 496 1071 apollice
516 996 611 1052 dextro
624 1017 708 1072 usquc
729 997 767 1052 ad
785 997 907 1053 indicem
927 997 1076 1052 sinistrum
1090 1003 1114 1051 et
1128 1016 1146 1051 a
1162 995 1268 1071 pollice
1288 995 1405 1053 sinistro

246 1088 285 1144 ud
298 1088 420 1146 indicem
434 1090 571 1160 deectmm,
587 1091 716 1166 dicatque
728 1091 849 1166 sinpalis
864 1114 872 1147 :

285 1181 485 1248 Consecrare
507 1192 542 1247 et
565 1186 810 1264 sanctiffleficare
833 1184 991 1268 digneris,
1008 1183 1158 1258 Domine,
1174 1205 1293 1248 manus
1316 1186 1400 1248 istas

241 1306 301 1367 per
327 1287 424 1349 istam
451 1288 637 1350 unctionem
665 1293 699 1349 et
726 1292 872 1350 nostram
899 1285 1213 1361 beneffldictionem3
1244 1292 1284 1350 ut
1314 1310 1399 1371 quae-

241 1411 368 1473 cunque
406 1391 681 1464 consecraverint
716 1397 958 1464 consecrentur,
992 1395 1027 1452 et
1065 1411 1264 1474 quaecunque
1302 1392 1400 1453 bene-

242 1493 395 1568 dixerint,
419 1494 654 1557 benedicantur
679 1499 713 1555 et
739 1493 994 1556 sanctificentur.
1041 1491 1080 1553 In
1107 1491 1238 1554 nomine
1266 1491 1398 1555 Domini

241 1592 324 1658 Jesu
340 1595 475 1658 Christi.

281 1697 437 1772 Hocfucto‚
452 1706 550 1754 unctus
564 1707 651 1773 impet
665 1699 761 1755 ambas
775 1718 883 1754 manus.
928 1696 968 1753 Et
979 1704 1075 1773 postea
1096 1696 1239 1772 episcopas
1252 1692 1340 1775 [luvet
1354 1695 1392 1774 et]

240 1799 328 1866 tcaput
341 1812 442 1849 manns
455 1814 528 1861 suas,
545 1802 570 1850 et
583 1793 706 1869 accipiat
725 1800 858 1869 patenam
871 1812 933 1849 cnm
954 1790 1053 1847 oblatis
1067 1798 1091 1846 et
1105 1790 1221 1847 calicem
1235 1810 1299 1847 cnm
1319 1790 1394 1859 cino,

241 1896 264 1944 et
288 1887 332 1944 det
355 1887 475 1962 sinpnlis
498 1887 572 1944 inter
594 1887 700 1943 indices
727 1896 752 1943 et
778 1887 897 1943 medicos
925 1904 1046 1960 cuppam
1069 1885 1167 1941 calicis
1191 1905 1255 1941 cam
1279 1893 1392 1960 patena,

239 1983 444 2040 remanentibus
458 1983 587 2039 nranibns
601 1982 701 2050 cinctis,
715 1983 758 2038 ita
773 1981 866 2038 dicens
881 2004 889 2036 :

280 2077 401 2161 Accipe
417 2081 616 2161 potestatem
633 2077 751 2138 offerre
776 2075 971 2139 sacrificium
989 2074 1069 2151 De0,
1085 2075 1286 2156 missamque
1311 2074 1394 2136 ceie-

144 2215 148 2221 -
237 2179 343 2254 brace,
360 2186 426 2242 tam
444 2201 501 2263 pro
519 2179 603 2240 vivis
626 2199 723 2259 quam
748 2199 806 2261 pro
830 2176 1003 2240 defunctis.
1049 2177 1088 2238 In
1112 2177 1243 2238 nomine
1260 2177 1393 2238 Domini

237 2281 255 2343 J
260 2303 318 2344 esu
336 2281 469 2345 Christi.

285 2385 375 2446 Tunc
391 2387 538 2447 dicutur.

281 2486 442 2549 Dominus
455 2487 631 2548 vobiscum.
679 2485 826 2548 Oremus.

278 2589 463 2664 Canteturqac
474 2589 629 2663 Offerendc,
637 2596 833 2665 ponanturque
844 2595 880 2644 tot
891 2586 995 2657 hostire,
1004 2594 1068 2663 quot
1078 2585 1217 2662 sufficiant
1222 2585 1393 2663 presbyteris

237 2685 406 2741 ordinandis
421 2685 459 2740 ad
472 2684 745 2741 communicandum.

282 2780 367 2842 Post
381 2779 501 2842 Libera
512 2799 572 2840 nos
588 2798 773 2861 quaesumus
789 2776 938 2851 Domine,
953 2781 1000 2838 ad
1017 2777 1279 2840 benedictionem
1296 2777 1393 2838 dicat

237 2884 425 2945 diaconus:

278 2983 462 3047 Humiliate
478 3005 537 3046 vos
553 2983 593 3044 ad
610 2982 880 3044 benedictionem.

277 3087 488 3150 Benedictio.

276 3190 489 3268 Antiphone.
538 3191 651 3273 Agnus
667 3187 739 3250 Dei.

276 3291 491 3376 Omnipotens
503 3290 664 3354 Dominus
677 3311 737 3353 sua
749 3310 809 3352 nos
821 3288 998 3352 clementia
1009 3287 1191 3359 benedicat,
1206 3291 1240 3348 et
1253 3305 1382 3349 sensum

232 3396 264 3457 in
281 3396 376 3458 nobis
393 3395 562 3478 sapientiae
578 3393 737 3456 salutaris
752 3391 915 3454 infundat.
960 3391 1076 3453 Amen.

276 3497 452 3562 Catholicae
464 3497 539 3558 fidei
550 3516 610 3557 nos
620 3494 824 3557 documentis
836 3493 991 3565 enutriat,
1002 3497 1036 3554 et
1047 3492 1081 3553 in
1094 3491 1218 3554 sanctis
1231 3491 1384 3574 operibus

232 3600 493 3683 perseverabiles
508 3599 634 3662 reddat.
681 3601 796 3660 Amen.

276 3705 418 3768 Gressus
434 3707 564 3765 vestros
587 3702 757 3765 aberrare
781 3704 962 3773 convertat,
979 3705 1013 3760 et
1029 3698 1113 3760 viam
1136 3698 1230 3760 vobis
1247 3700 1338 3781 pacis
1354 3703 1387 3760 et

231 3808 379 3873 caritatis
395 3805 560 3869 ostendat.
604 3805 721 3866 Amen.

272 3909 364 3994 Quod
391 3909 461 3990 ipse
488 3911 644 3989 praestare
672 3905 835 3988 dignetur,
863 3903 957 3984 cujus
983 3924 1122 3986 regnum
1148 3907 1182 3965 et
1209 3903 1381 3985 imperium

229 4015 299 4075 sine
315 4012 379 4072 fine
395 4015 576 4092 permanet,
593 4009 626 4070 in
643 4006 761 4071 saecula
778 4005 979 4069 saeeulorum.
1025 4008 1140 4066 Amen.

272 4112 461 4177 Benedictio
471 4110 532 4173 Dei
543 4109 788 4193 omnipotentis,
799 4107 958 4186 Pet—iaie,
970 4111 1004 4168 et
1013 4104 1134 4181 Fisxaelii,
1147 4111 1181 4167 et
1194 4103 1383 4187 Spiritusffl

230 4215 342 4280 Sancti
359 4213 541 4276 descendat
556 4233 655 4296 super
671 4231 740 4285 vos,
756 4215 790 4273 et
807 4215 942 4274 maneat
958 4227 1100 4289 semper.
1148 4208 1269 4269 Amen.

272 4321 365 4381 Data
388 4317 637 4387 Benedictione‚
660 4315 825 4377 accedunt
848 4313 896 4372 ad
919 4311 1040 4372 Pacem
1065 4319 1096 4371 et
1120 4313 1379 4373 communionem
1454 4323 1460 4335 ’

225 4423 427 4492 sacerdotes,
445 4428 475 4480 et
491 4419 592 4479 etium
611 4416 729 4490 levitic,
747 4416 777 4475 si
793 4413 970 4475 coluerint.
