2940 4996
455 408 709 472 Iottronicatio
727 403 1004 484 Arabiepiacopa'.
1239 397 1304 462 373

696 631 767 702 ΙΙΙ.

204 831 329 903 Forma
345 834 411 927 sor
438 835 659 906 Iraatadotion
685 860 719 906 oa
752 832 1032 906 inthronizatione
1058 831 1102 924 of
1119 831 1173 904 tte
1191 829 1303 904 Arm·

154 947 286 1044 biabop.

193 1131 207 1185 1
280 1132 500 1188 Intbronization
513 1135 542 1189 oi
552 1133 722 1205 Archbisbop
735 1132 825 1204 Kcmp
837 1131 904 1185 from
917 1129 1035 1202 Chapter
1047 1131 1121 1184 Acts.
1135 1130 1170 1183 A.
1185 1129 1217 1183 D.
1232 1129 1302 1184 1427

192 1220 210 1272 2
280 1221 500 1277 Inthronization
513 1224 541 1278 ol
553 1223 725 1295 Arcbbisbop
737 1222 823 1275 Bothe
835 1222 902 1275 from
917 1219 1036 1291 Chapter
1052 1221 1122 1274 Acts.
1137 1221 1172 1273 A.
1187 1219 1220 1272 D.
1235 1219 1305 1275 1477

194 1309 210 1361 3
282 1310 360 1364 Form
373 1312 413 1364 for
426 1313 471 1366 tbe
485 1312 705 1366 'inthronization
717 1311 785 1364 from
799 1326 816 1363 a
828 1306 952 1379 Register
964 1307 1018 1361 late
1030 1307 1099 1360 xvtb
1112 1313 1236 1378 century.

192 1394 211 1448 4
282 1396 360 1451 Form
374 1399 415 1452 for
427 1399 473 1453 the
486 1398 705 1453 inthronization
719 1397 786 1450 from
801 1396 920 1467 Chapter
932 1396 1007 1450 Acts.
1025 1393 1096 1446 1534

193 1481 250 1537 Tho
262 1483 355 1538 Forma
368 1487 408 1538 ior
422 1487 469 1541 the
488 1484 706 1541 inthronization
718 1485 749 1539 of
764 1485 810 1538 tha
822 1483 996 1555 Arcbbisbop
1007 1482 1038 1536 of
1049 1480 1228 1552 (lamachum,
1243 1477 1304 1534 will

156 1569 190 1626 be
201 1569 284 1626 found
299 1573 328 1626 in
342 1571 479 1629 Maskall’s
493 1573 674 1629 Monumenta
685 1572 817 1627 Ritualia.
845 1579 847 1583 ’

711 1749 756 1834 (1)

198 1953 353 2020 sonna
401 1921 845 2022 Innnaoanznmonis
889 1952 1124 2018 sonamus
1171 1951 1307 2016 nana

480 2058 824 2124 anoninrrsoori
847 2057 974 2122 naon.

203 2285 307 2350 From
324 2286 378 2350 cte
397 2285 546 2367 Chapter
561 2288 648 2349 Acta
657 2289 719 2368 for
736 2279 839 2354 1427}

207 2482 462 2547 Memorandum
485 2482 573 2565 quod
599 2482 705 2567 primo
728 2483 782 2547 die
809 2482 933 2547 mensis
962 2482 1053 2566 Sept.
1080 2483 1123 2546 ·A.
1146 2481 1187 2547 D.
1212 2482 1310 2546 1427.
1400 2520 1403 2529 =

163 2585 381 2651 Reverendus
408 2586 441 2646 in
465 2584 601 2648 Christo
625 2586 727 2651 Pater
749 2592 784 2650 et
809 2585 983 2662 Dominus,
1007 2586 1179 2652 Johannes
1201 2587 1314 2672 gratia

164 2691 227 2754 Dei
243 2691 343 2753 Ebor.
361 2689 655 2774 Arcbiepiscopus,
671 2691 801 2775 Angliae
816 2691 943 2777 primas
959 2698 994 2755 et
1008 2690 1209 2776 Apostolicae
1226 2690 1316 2754 sedis
1364 2693 1367 2700 '

166 2793 312 2877 legatus,
329 2793 475 2875 propriis
499 2792 637 2857 indutus
658 2795 822 2872 vestibus,
838 2817 859 2859 a
881 2793 1017 2859 Decano
1042 2801 1078 2860 et
1093 2793 1253 2879 Capitulo
1275 2816 1314 2859 ac

166 2897 289 2961 ceteris
319 2896 484 2959 ministris
511 2896 670 2960 Ecclesiae
699 2899 800 2962 Ebor.
832 2898 921 2963 ciero
952 2905 987 2963 et
1018 2898 1143 2984 populo
1170 2899 1320 2963 civitatis

166 3002 265 3065 Ebor.
281 3008 380 3085 prout
395 3001 498 3065 moris
514 3006 577 3077 est,
591 3003 633 3066 ad
649 3003 812 3087 capellam
830 3004 945 3069 Sancti
958 3004 978 3068 J
981 3004 1074 3069 acobi
1087 3005 1189 3086 juxta
1204 3025 1318 3068 muros

166 3107 266 3170 Ebor.
284 3107 455 3181 situatam,
471 3107 570 3189 quasi
592 3107 682 3171 inter
697 3109 814 3172 horam
831 3115 962 3174 sextam
978 3114 1013 3173 et
1036 3109 1214 3192 septimam
1237 3113 1316 3172 ante

167 3210 349 3273 meridiem.
1094 3297 1096 3301 7

229 3314 278 3376 Ad
311 3313 407 3396 cujus
438 3315 576 3398 capellae
609 3316 785 3381 introitum
820 3318 980 3403 praefatus
1010 3315 1165 3380 dominns
1198 3315 1316 3379 Archi·

169 3418 346 3502 episcopus
369 3440 389 3481 a
411 3418 555 3483 dominis
578 3419 713 3484 Decano
741 3427 776 3485 et
798 3424 1007 3487 Praecentore
1033 3419 1192 3484 Ecclesia
1214 3419 1318 3483 Ebor.
1417 3504 1420 3508 ¹

168 3543 256 3606 aqua
271 3522 446 3585 benedicta
461 3544 621 3607 aspersus
644 3530 679 3588 et
694 3526 919 3602 thurificatus,
937 3526 1183 3608 subsequenter
1198 3525 1232 3586 in
1248 3507 1321 3588 loco

169 3626 324 3712 praedicto
348 3625 553 3690 decalciatus
572 3634 635 3703 est,
652 3634 687 3694 et
705 3631 747 3694 ab
766 3629 826 3693 illo
849 3630 922 3694 loco
942 3630 1041 3692 nudis
1060 3628 1211 3713 pedibus,
1235 3650 1318 3713 prac-

170 3729 364 3793 cedentibus
395 3732 497 3794 ehoro
531 3739 566 3795 et
603 3733 776 3818 religiosis
803 3735 952 3798 civitatis
986 3733 1160 3818 praedictae,
1190 3755 1319 3798 necnon

170 3833 335 3896 ministris
358 3833 516 3898 Ecclesiae
536 3836 637 3900 Eboc.
655 3839 953 3922 processionaliter
968 3837 1141 3912 ordinatis,
1157 3843 1196 3901 ut
1218 3839 1322 3903 moris

170 3943 233 4011 est,
249 3937 355 4021 nigris
371 3939 464 4022 capis
487 3939 614 4003 indutis
630 3963 690 4025 pro
713 3964 751 4006 eo
773 3944 861 4028 quod
877 3951 1010 4031 tempus
1034 3963 1095 4027 pro
1116 3947 1197 4005 tunc
1213 3940 1321 4024 pluvi-

170 4062 264 4103 osum
275 4041 349 4116 fuit,
362 4043 601 4108 comitantibus
614 4045 794 4130 Episcopis
804 4048 953 4112 London.
968 4053 1003 4111 et·
1014 4043 1169 4110 Dunelm.
1180 4044 1322 4129 aliisque

170 4144 317 4230 praelatis
342 4146 513 4211 dioceseos
540 4149 641 4213 Ebor.
669 4172 708 4214 ac
731 4151 809 4215 aliis
833 4153 980 4216 dominis
1002 4146 1257 4233 temporalibus,
1280 4151 1323 4214 ad

170 4248 344 4313 ecclesiam
359 4270 453 4313 suam
470 4253 681 4335 procedebat,
695 4255 798 4338 pallio
814 4277 875 4342 pro
889 4257 1016 4320 feretro
1029 4250 1143 4318 Sancti
1157 4250 1324 4315 Willelmi

172 4354 326 4417 ordinato
358 4374 460 4440 super
486 4360 588 4440 caput
615 4357 765 4440 ejusdem
789 4380 850 4445 per
880 4360 1054 4426 ministros
1086 4352 1243 4420 Ecclesia
1269 4355 1325 4421 de·

166 4461 314 4543 portato.

56 4754 331 4965 „a
