2940 4996
180 421 244 488 254
424 425 644 489 Conseeratio
663 422 821 488 Oleornm
837 433 870 487 et
888 422 1104 488 Obrismatis.

175 627 372 693 transituris
385 628 520 693 salubre
532 632 565 692 et
577 627 773 712 proficuum.
819 611 1345 704 Insextovidelicet,victoriosa

177 736 213 795 et
242 731 415 795 adoranda
443 730 606 815 procedat
635 751 718 793 crux
741 728 919 808 dominica,
945 751 1015 794 una
1040 735 1101 796 aut
1129 730 1213 808 dua,
1241 731 1343 815 quasi

176 832 435 917 praecedentium
459 833 602 917 mystica
627 832 866 916 mysteriorum
893 833 1153 917 praefiguratrix,
1176 855 1278 918 quam
1306 835 1342 897 in

172 942 271 1001 sexta
294 940 403 1013 aetate,
421 935 513 1000 Deus
534 935 599 999 Dei
614 935 723 1000 Filius
746 941 849 999 natus
872 941 907 1000 et
929 936 965 999 in
981 956 1022 1000 ea
1043 957 1168 1022 passus
1191 941 1227 1001 et
1252 937 1342 1002 sacri

176 1040 351 1125 sanguinis
381 1040 517 1104 lavacro
549 1039 783 1116 sanctificavit,
814 1041 913 1122 cujus
942 1040 1085 1105 victoria
1114 1040 1343 1125 redemptoris

175 1143 283 1206 nostri
318 1143 445 1207 vexilla
481 1142 659 1226 prodeunt,
694 1141 791 1224 cujus
826 1141 1007 1226 splendore
1044 1141 1189 1207 ecclesia
1221 1147 1343 1207 sancta

174 1247 400 1323 illuminatur,
431 1246 528 1329 cujus
559 1267 676 1310 aroma
706 1245 843 1309 corticis
876 1245 995 1310 vitalis
1025 1247 1170 1330 spirans,
1200 1252 1341 1313 nectare

175 1351 300 1434 ubique
329 1351 473 1433 fragrat,
505 1348 602 1431 cujus
636 1348 764 1412 virtute
794 1348 888 1432 pacis
919 1355 954 1413 et
987 1350 1102 1435 gaudii
1133 1350 1343 1415 charismata

176 1453 462 1539 evangelizantur,
478 1454 575 1536 cujus
599 1451 772 1536 signaculo
795 1452 957 1537 baptismi
979 1454 1176 1537 mysterium
1201 1458 1236 1518 et
1253 1455 1343 1519 sacri

174 1558 367 1623 chrismatis
384 1557 558 1621 conficitur
578 1561 806 1641 unguentum3
830 1577 1006 1641 perquam
1030 1559 1133 1622 etiam
1147 1557 1341 1623 ineffabilia

175 1660 378 1725 universalis
395 1658 544 1723 ecclesia
562 1663 773 1723 sacramenta
789 1666 1038 1723 consecrantur.

218 1763 421 1827 Percontato
445 1784 577 1847 quoque
603 1763 646 1825 ‚Te
662 1764 772 1844 ipitur
793 1760 973 1825 secundum
993 1760 1153 1838 ordinem,
1171 1767 1207 1827 et
1221 1765 1340 1841 venioe,

174 1889 377 1951 queaeramus,
392 1867 541 1949 terpiton
557 1867 713 1940 admitte,
725 1869 907 1947 antequam
923 1865 1056 1928 dicatur
1070 1866 1139 1929 Per
1155 1887 1253 1948 quem
1270 1867 1341 1931 lroec

175 1973 302 2047 omnio,
333 1971 489 2046 Domine,
523 1990 656 2050 seraper
689 1970 779 2031 bona
814 1989 922 2045 creas,
955 1968 1232 2052 appropinquans
1267 1991 1343 2033 cum

174 2074 369 2139 reverentia
402 2072 563 2136 diaconus
597 2071 781 2156 ampullam
814 2092 889 2135 cum
919 2070 994 2134 oleo
1024 2071 1232 2135 infirmorum
1265 2073 1344 2136 sub-

175 2178 347 2241 ministret
376 2176 544 2258 episcop0,
576 2195 677 2258 super
711 2195 812 2257 quam
842 2180 895 2237 ter
929 2174 1037 2239 crucis
1073 2175 1206 2260 signum
1236 2176 1344 2241 faciat

176 2281 363 2365 episcopus,
380 2284 489 2344 aeter
513 2279 622 2343 sufflet
645 2278 679 2341 in
696 2299 745 2354 ea,
762 2279 982 2363 perficiatque
1007 2280 1231 2343 exorcismum
1248 2281 1344 2344 audi-

176 2383 310 2448 entibus
323 2387 455 2447 tantum
471 2382 527 2466 qui
541 2403 638 2446 secus
650 2381 760 2445 altare
774 2385 868 2445 stant
879 2381 1054 2458 ministris,
1068 2382 1204 2447 minime
1216 2383 1344 2461 dicens,

175 2489 342 2551 Dominus
358 2489 530 2550 vobiscum
546 2506 655 2569 neque
675 2486 825 2561 Oramus,
843 2485 899 2548 scd
917 2485 967 2550 ita
982 2485 1119 2563 directe,

219 2593 390 2656 Enorciso
408 2601 438 2655 te
453 2591 720 2653 immundissime
735 2591 791 2653 dic.

218 2693 413 2758 Benedictio
436 2693 502 2757 olei
524 2693 732 2756 infirmorum
756 2694 883 2776 absque
910 2694 1078 2757 Dominus
1102 2694 1276 2759 vobiscum
1305 2702 1340 2761 et

180 2801 329 2866 Oremus.

223 2903 443 2982 Omnipotens
457 2901 561 2976 Dens,
578 2902 638 2983 qui
648 2922 717 2982 pro
733 2901 945 2982 infirmorum
961 2899 1022 2964 &a

218 3005 297 3069 Alia
312 3002 500 3068 benedictio
517 3011 684 3087 utsupra,
701 3004 841 3078 Emitte,
857 3023 1060 3085 qneesnmns,
1076 3001 1136 3066 &a

218 3108 285 3171 Hic
314 3110 529 3169 removeatur
559 3107 601 3170 ab
632 3105 735 3170 altari
762 3105 909 3168 dicatum
940 3103 1052 3167 oleum
1078 3104 1287 3170 infirmorum
1319 3129 1341 3172 a

174 3211 325 3284 diacono,
342 3213 377 3272 et
399 3214 585 3293 peragatur
607 3208 712 3272 missa
727 3226 914 3290 usquequo
937 3206 1158 3290 perveniatur
1172 3207 1214 3271 ad
1239 3210 1341 3274 bene-

174 3313 354 3378 dictionem
372 3333 473 3396 auper
495 3312 669 3396 populum.
714 3312 808 3374 Tunc
832 3308 998 3373 secundus
1013 3310 1152 3375 accedat
1166 3311 1341 3392 diaconus,

176 3414 359 3500 ampullam
376 3436 450 3478 cum
467 3412 541 3478 oleo
557 3414 599 3478 ad
615 3413 853 3497 baptizandum
869 3411 1037 3488 deferens,
1054 3432 1273 3497 superquam
1288 3420 1344 3480 ter

174 3518 284 3583 crucis
308 3518 442 3601 signum
466 3516 572 3581 faciat
594 3517 781 3602 episcopus,
805 3520 924 3599 terque
948 3515 983 3577 in
1007 3536 1047 3579 ea
1070 3516 1220 3593 sufflans,
1242 3538 1341 3581 exor-

174 3622 315 3686 cismum
332 3620 397 3684 olei
411 3620 453 3684 ad
468 3619 705 3704 baptizandum
721 3618 883 3704 perficiat,
897 3618 954 3702 qui
970 3617 1192 3684 circumstant
1202 3624 1339 3686 tantum

174 3723 400 3789 audientibus.

217 3830 389 3891 Enoreieo
406 3836 437 3891 te
454 3835 616 3891 ereatura
631 3825 698 3890 olei
712 3828 768 3890 &c

217 3929 345 3993 Deinde
362 3929 537 4013 episcopus
553 3928 730 3993 benedicat
745 3928 866 4004 oleum,
884 3931 918 3991 et
932 3926 1033 4004 dicat,

218 4033 384 4096 Dominus
399 4034 582 4108 vobiscum,
600 4033 748 4097 Oramus.

216 4136 360 4200 Domine
375 4136 478 4211 Deus,
494 4136 602 4199 Peter
617 4137 837 4215 omnipotens,
854 4132 952 4218 enjus
968 4133 1165 4217 unipenitns
1180 4134 1238 4198 bc.

217 4236 345 4302 Oratio.
389 4238 492 4314 Dens,
509 4238 570 4319 qui
585 4239 623 4301 in
638 4239 767 4302 uirtute
782 4237 843 4302 &a

217 4341 300 4405 Post
313 4340 393 4415 haec,
405 4343 597 4404 revertente
614 4340 768 4426 episcopo
784 4339 825 4404 ad
843 4338 956 4404 sedem
973 4358 1080 4416 suam,
1091 4337 1157 4403 duo
1172 4342 1334 4406 cantores

173 4443 353 4508 decantent
367 4441 538 4526 hymnum.
