2940 4996
445 402 487 464 Iu
503 401 730 472 Dedicatione
745 409 912 473 Basilica
927 430 1032 472 noua.
1253 403 1317 467 325

336 938 388 1001 IN
412 938 724 1006 DEDIOATIONE
747 942 968 1007 BASILIOAE
992 941 1143 1006 NOVAE.

206 1158 338 1217 Primum
352 1169 457 1237 oqotur
471 1163 579 1221 litania
594 1163 743 1241 anteferes
757 1165 882 1223 ecclesiae.

201 1251 337 1329 Sequitur
350 1257 452 1314 oratio.

205 1347 349 1413 Domum
372 1357 475 1427 tuam,
492 1353 645 1431 Domine,
661 1376 860 1438 quaesumus,
877 1355 1059 1418 clementer
1081 1354 1268 1439 ingredere,
1285 1365 1320 1418 et

160 1451 195 1512 in
222 1457 354 1516 tuorum
382 1456 483 1519 corda
504 1456 653 1521 fidelium
681 1464 877 1542 perpetuam
904 1459 1072 1522 constitue
1100 1459 1317 1534 mansionem,

163 1560 202 1618 ut
224 1557 322 1639 cujus
338 1559 555 1624 aedificatione
579 1562 745 1638 subsistit,
761 1562 864 1645 hujus
879 1562 939 1625 fiat
963 1561 1128 1625 habitatio
1143 1560 1314 1643 praeclara.

163 1658 236 1722 Per.

204 1764 367 1846 Sequitur
382 1767 583 1845 antiphona.
631 1766 752 1831 Tollite
769 1774 885 1852 portas
901 1767 1071 1853 principes
1087 1772 1230 1831 vestras.

207 1867 265 1930 Ps.
312 1867 448 1931 Domini
464 1875 518 1934 est
532 1874 636 1932 terra.

201 1969 315 2027 Deinde
327 1971 482 2029 benedictio
486 1971 588 2047 fontis.

201 2065 305 2123 Postea
319 2068 486 2144 antiphona.

203 2163 373 2246 Asperges
396 2184 459 2238 me,
483 2163 637 2239 Domine,
654 2165 799 2248 hyssopo
824 2167 858 2227 et
880 2163 1085 2230 mundabor:
1109 2163 1241 2229 lavabis
1264 2187 1316 2229 me

158 2269 192 2328 et
208 2286 308 2350 super
323 2267 435 2330 nivem
450 2267 643 2331 dealbabor.

203 2369 260 2430 Ps.
306 2368 472 2432 Miserere
488 2370 565 2446 mei,
581 2369 684 2433 Deus.

198 2471 328 2529 Ecclesia
343 2492 449 2548 quoque
470 2480 638 2548 asperqatur
652 2479 694 2530 ter
714 2473 802 2543 tutus,
810 2473 896 2548 soros
916 2462 1008 2543 semel,
1026 2473 1170 2550 altareque
1192 2474 1311 2545 lavetur,

157 2588 191 2624 ac
205 2589 312 2626 cornua
327 2569 430 2627 altoris
443 2590 555 2626 sursum
568 2569 750 2646 deorsumque
765 2570 910 2628 te'uo'uutur
923 2570 1074 2630 chrismate
1086 2580 1191 2642 seuero,
1204 2565 1316 2629 ¹dicente

158 2663 296 2740 episcopo,

204 2760 272 2830 Pax
290 2761 361 2824 tibi.

202 2865 441 2944 despondente
457 2866 558 2943 atero,

202 2967 338 3031 Etcum
356 2967 477 3051 spiritu
494 2974 563 3032 tuo.

200 3069 242 3127 Et
254 3091 338 3147 super
351 3071 436 3128 illum
451 3072 619 3148 tbymiama,
635 3070 803 3148 dicaturque
817 3071 985 3148 antiphona.

202 3165 335 3230 Altaria
350 3172 419 3242 tua,
436 3166 589 3231 Domine.

201 3272 258 3334 Ps.
304 3270 402 3334 Beati
419 3271 475 3353 qui
491 3271 659 3335 habitant.

199 3373 383 3449 Anqutosque
397 3374 518 3431 ecclesiae
532 3382 556 3431 et
567 3382 659 3451 postes
674 3374 777 3431 ostium
792 3373 890 3431 eadent
903 3372 1035 3431 unctione
1050 3373 1198 3442 tiuieutur.

197 3468 333 3545 Sequitur
347 3468 513 3545 outiptouu.

200 3563 308 3627 Unxit
323 3568 357 3627 te
373 3561 539 3627 Dominus
555 3563 629 3627 oleo
645 3563 778 3628 laetitise.

197 3668 299 3724 Postea
308 3663 437 3741 postifera
451 3665 629 3722 sollemucbus
642 3665 763 3723 uestibus
776 3666 921 3735 inderetur,
935 3665 1085 3743 procedens
1099 3665 1138 3722 ad
1151 3667 1277 3726 missam.

199 3758 474 3824 Ad'lutroitum.
520 3760 737 3840 Antipboua.
783 3760 962 3825 Terribilis
980 3759 1153 3824 cstloous.

199 3865 257 3927 Ps.
303 3861 467 3926 Dominus
483 3862 648 3945 regnavit,
665 3863 830 3926 decorem.

201 3967 318 4032 Gloria
333 3967 367 4027 in
383 3964 527 4029 excelsis
543 3965 626 4028 Deo.

198 4073 301 4146 Deus,
326 4068 382 4153 qui
410 4069 649 4132 sacrandorum
677 4070 739 4133 tibi
766 4074 884 4133 auctor
910 4090 947 4134 es
974 4090 1159 4146 munerum,
1182 4072 1314 4136 effunde

156 4197 256 4262 super
286 4176 373 4236 hanc
404 4174 566 4237 orationis
601 4173 735 4237 domum
766 4175 1033 4239 benedictionem
1068 4179 1171 4252 tuam,
1202 4182 1241 4240 ut
1270 4178 1313 4240 ab

156 4281 309 4345 omnibus
332 4278 386 4341 hic
402 4277 637 4342 invocantibus
661 4299 780 4342 nomen
800 4283 907 4355 tuum,
922 4277 1129 4344 defensionis
1152 4279 1312 4344 auxilium

158 4385 335 4448 sentiatur.
381 4381 456 4443 Per.
