2940 4996
554 415 931 486 B'catedictio'ddbatia'.
1274 419 1324 488 *di

414 687 482 772 [IN
502 690 844 760 BENEDIOTIONE
864 694 1082 786 ABBATIs]

207 923 283 1012 Ego
305 926 351 1006 N.
374 928 417 994 ad
439 930 586 1016 regimen
612 930 806 996 monasterii
828 932 873 998 N.
896 931 1034 1009 electus,
1058 936 1094 997 et
1114 953 1206 996 more
1229 935 1322 996 ante·
1345 946 1377 1010 A

162 1048 338 1094 cessorum
374 1053 522 1097 meorum
559 1054 579 1097 a
612 1039 657 1110 te,
692 1036 879 1099 venerande
912 1041 1009 1120 pater
1045 1036 1090 1099 N.
1124 1041 1246 1099 sanctae
1279 1035 1324 1100 N.

161 1130 311 1196 ecclesiae
342 1134 504 1220 episcope,
530 1136 774 1200 benedicendus
804 1139 918 1214 abbas,
951 1142 1072 1201 sanctae
1102 1138 1248 1201 ecclesiae
1278 1138 1324 1205 N.

156 1232 222 1297 tibi
245 1235 379 1321 tuisque
406 1239 653 1302 successoribus
680 1239 835 1303 canonice
863 1240 1104 1304 substituendis
1131 1241 1324 1305 canonicam

161 1335 403 1419 subjectionem
427 1345 462 1405 et
483 1341 704 1405 obedientiam
725 1362 776 1404 me
793 1363 853 1425 per
874 1342 985 1406 omnia
1000 1343 1226 1406 exhibiturum
1248 1364 1324 1428 pro-

162 1439 273 1516 mitto,
289 1448 323 1506 et
337 1463 398 1526 per
412 1464 546 1507 manum
561 1443 731 1528 propriam
747 1443 843 1529 signo
859 1448 894 1508 et
908 1445 1076 1509 confirmo.

207 1543 402 1625 Episcopus
417 1547 524 1611 dicut.

217 1645 436 1731 Omnipotens
470 1647 632 1714 Dominus
662 1651 697 1714 et
726 1647 761 1711 in
790 1647 844 1712 his
874 1652 910 1714 et
938 1648 973 1713 in
1003 1649 1125 1716 ceteris
1151 1648 1247 1715 bonis
1276 1647 1322 1714 sit

163 1755 378 1834 co-operator
393 1756 483 1818 tuus.

209 1852 341 1918 Oratio.
386 1853 488 1930 Deus,
515 1855 572 1938 qui
602 1855 664 1919 sub
690 1859 755 1918 tuae
784 1852 974 1937 majestatis
1004 1855 1143 1920 arbitrio
1173 1853 1369 1928 omniumB

156 1975 342 2039 regnorum
356 1957 506 2021 contines
527 1961 721 2042 potestaten,
737 1957 800 2020 tibi
823 1958 989 2041 supplices
1010 1959 1180 2021 fundimus
1194 1978 1321 2042 preces,

161 2059 337 2123 humiliter
369 2063 556 2137 exorantes,
587 2063 626 2123 ut
655 2059 742 2122 hunc
773 2059 934 2122 famulum
963 2066 1069 2137 tuum,
1099 2062 1143 2125 N.
1173 2082 1194 2124 a
1223 2059 1320 2123 nobis

158 2161 309 2248 indignis
330 2160 365 2226 in
387 2160 528 2246 gradum
549 2161 680 2226 abbatis
704 2161 844 2225 electum
866 2166 931 2224 tuae
948 2182 1097 2244 supernae
1119 2182 1320 2250 summaeque

160 2263 435 2329 sanctificationis
457 2264 569 2349 gratia
585 2261 818 2341 beneffldieere
834 2264 990 2348 digneris,
1006 2269 1043 2327 ut
1065 2264 1099 2326 in
1115 2264 1230 2327 diebus
1246 2264 1320 2346 ejus

160 2366 296 2432 devotio
310 2371 507 2430 renascatur
520 2365 711 2450 disciplinae,
727 2372 761 2430 et
776 2371 824 2442 ut,
836 2370 869 2429 te
886 2366 1076 2448 adjuvante,
1094 2366 1163 2430 suis
1179 2366 1321 2432 subditis

158 2469 287 2555 placita
319 2469 382 2534 tibi
414 2469 523 2552 possit
551 2470 698 2553 praebere
732 2468 909 2551 exempla3
940 2469 1066 2553 tibique
1097 2490 1171 2532 cum
1201 2470 1322 2534 timore
1450 2465 1453 2468 ’

161 2571 317 2637 subditus
349 2592 389 2637 ac
420 2577 616 2634 mansuetus
645 2570 806 2647 militans,
837 2574 901 2634 tuae
931 2572 1120 2655 majestatis
1153 2578 1322 2636 mereatur

159 2676 285 2759 ubique
308 2675 423 2760 clypeo
445 2674 580 2759 pacifice
602 2675 755 2760 protegi;
778 2674 918 2738 dextera
942 2679 1007 2738 tuae
1034 2674 1219 2738 divinitatis
1245 2697 1321 2740 eum

156 2777 307 2862 digneris
329 2777 550 2861 locupletare;
573 2782 613 2841 ut
638 2798 734 2861 opem
759 2777 924 2862 frugalem
950 2779 1112 2842 fratribus
1138 2778 1262 2842 inferre
1285 2782 1321 2845 et

161 2881 316 2946 omnibus
338 2882 461 2964 ubique
483 2880 738 2946 advenientibus
756 2880 810 2966 pie
833 2881 941 2964 possit
955 2882 1130 2967 profutura
1153 2883 1320 2946 exhibere.

158 2986 212 3050 Tu
227 2986 277 3049 illi
292 2991 367 3051 esto
386 2987 502 3064 honor,
517 2990 557 3051 tu
577 2986 736 3072 gandium
758 2986 794 3049 in
816 2986 946 3064 doma*
961 2987 996 3050 in
1010 2987 1129 3052 itinere
1146 2989 1267 3064 socius,
1283 2988 1318 3052 in

158 3109 296 3153 maerore
327 3088 494 3166 solatium,
524 3089 559 3156 in
589 3088 810 3174 ambiguitate
844 3088 1028 3166 consilium,
1058 3091 1093 3153 in
1122 3090 1318 3176 aegritudine

159 3192 335 3269 medicina,
349 3192 385 3255 in
402 3192 572 3256 laboribus
595 3191 738 3274 adjutor,
753 3192 788 3256 in
811 3192 961 3256 adversis
976 3193 1140 3270 defensor,
1156 3193 1191 3255 in
1213 3193 1319 3256 tribu-

160 3291 288 3357 latione
317 3295 501 3378 patientia3
525 3299 630 3379 ponat
655 3294 689 3366 in
715 3299 750 3358 te
773 3295 1015 3379 providentiam
1038 3296 1171 3371 mentis,
1195 3299 1318 3378 perte

159 3395 268 3460 discat
281 3418 357 3460 cum
372 3396 508 3461 consilio
524 3396 692 3460 commissi
707 3396 770 3460 sibi
785 3397 898 3482 gregis
908 3395 1135 3482 gubernacula
1151 3396 1319 3479 sapienter

159 3499 336 3576 moderari,
349 3504 388 3564 ut
403 3520 533 3584 semper
547 3498 628 3561 felix
641 3520 835 3584 semperque
846 3498 1012 3576 exultans,
1024 3498 1064 3562 de
1080 3502 1144 3562 tuae
1156 3497 1318 3562 bonitatis

159 3601 288 3666 ditatus
302 3602 482 3678 beneficiis,
498 3608 667 3665 mereatur
681 3602 837 3686 gaudere,
854 3608 888 3665 et
903 3601 1129 3684 prolixitatem
1145 3600 1317 3683 praesentis

157 3705 236 3769 vitae
245 3726 306 3789 per
318 3704 515 3788 temporalia
527 3705 614 3768 bona
624 3704 766 3789 benigne
779 3706 959 3787 suscipere,
972 3725 1010 3767 ac
1024 3703 1177 3785 supernis
1190 3702 1316 3767 civibus

157 3806 419 3893 angelorumque
446 3807 555 3871 choris
580 3827 640 3891 per
668 3812 791 3871 aeterna
821 3807 1018 3870 commercia
1049 3804 1207 3890 copulari.
1252 3806 1317 3869 Per

159 3909 350 3976 Dominum.

206 4015 338 4080 Oratio.
384 4011 492 4097 Super
515 4013 603 4076 hunc
628 4011 791 4076 famulum
812 4019 916 4089 tuum,
940 4010 1092 4088 Domine,
1116 4031 1315 4095 quaesumus,
1335 4037 1360 4102 0

155 4117 337 4202 dignanter
362 4114 507 4194 intende,
529 4119 565 4182 et
590 4115 633 4180 da
659 4115 690 4180 ei
717 4114 889 4182 scientiam
912 4134 1036 4192 veram,
1057 4134 1150 4198 spem
1175 4114 1316 4191 firmam,

158 4283 176 4320 ὕ
194 4283 249 4339 MS
259 4282 386 4339 Domino.

248 4372 290 4437 6*
