2940 4996
197 387 261 450 aso
449 361 626 450 concessa
642 385 823 450 Aerarium
840 354 1079 452 ronanam.

750 663 793 725 V.

603 836 940 901 SUPER-ALTARS.

241 1045 440 1110 Concession
457 1046 494 1108 of
506 1044 727 1128 super-altars
742 1046 785 1128 by
796 1014 1005 1129 Archbishop
1021 1047 1150 1130 Kempe
1166 1050 1201 1109 to
1218 1047 1345 1110 certain

197 1151 344 1214 eminent
359 1171 497 1234 persons
520 1149 553 1210 in
570 1149 626 1251 the
649 1149 780 1212 diocese
797 1171 838 1212 on
854 1149 1026 1233 authority
1042 1150 1078 1213 of
1097 1171 1118 1213 a
1132 1150 1231 1236 papal
1248 1152 1345 1214 brief.

198 1254 424 1318 1448-1451.

240 1406 421 1485 lohannes,
437 1407 653 1472 miseratione
669 1408 779 1472 divina
793 1409 853 1472 &c
868 1407 989 1473 dilecto
1004 1409 1039 1470 in
1055 1407 1190 1472 Christo
1206 1408 1346 1493 Hugoni

182 1514 403 1600 Wyllughby
432 1513 617 1597 Armigero,
645 1511 798 1587 salutem,
824 1512 968 1597 gratiam
999 1517 1033 1576 et
1058 1510 1345 1586 benedictionem

195 1640 269 1683 cum
293 1616 525 1681 sanctissimus
548 1616 582 1697 in
607 1615 741 1679 Christo
764 1619 861 1700 pater
883 1622 918 1679 et
932 1615 1084 1678 dominus
1108 1622 1225 1680 noster
1240 1616 1348 1679 domi-

197 1744 261 1785 nus
291 1719 486 1795 Nicholaus,
513 1719 627 1783 divina
655 1718 865 1803 providentia
891 1739 977 1802 papa
1004 1720 1150 1802 quintus,
1178 1719 1274 1782 nobis
1305 1719 1348 1782 de

197 1827 308 1914 gratia
341 1848 406 1890 suae
438 1826 628 1890 sanctitatis
661 1846 752 1888 mero
782 1830 872 1889 motu
908 1846 968 1889 suo
1002 1827 1201 1890 concedendi
1231 1815 1348 1890 decem

109 1930 111 1934 ⁴
195 1931 346 2017 personis
380 1929 557 2006 nobilibus,
591 1930 631 1994 de
666 1930 787 2013 quibus
820 1931 916 1994 nobis
949 1930 1127 2007 videbitur,
1161 1937 1199 1994 ut
1229 1953 1348 1994 earum

195 2035 350 2120 quaelibet
362 2035 486 2097 habere
498 2033 606 2118 possit
621 2032 729 2098 altare
744 2033 919 2119 portabile,
932 2035 993 2098 sub
1010 2038 1101 2098 certa
1111 2034 1219 2097 forma
1233 2034 1346 2098 literis

198 2140 267 2201 suis
283 2137 486 2223 Apostolicis
503 2157 672 2220 expressa,
689 2158 827 2220 quarum
843 2144 940 2201 tenor
956 2137 1107 2221 sequitur
1127 2143 1161 2202 et
1177 2143 1230 2200 est
1244 2138 1346 2212 talis3

197 2240 407 2305 “Nicholaus
417 2240 591 2324 episcopus
603 2261 720 2303 servus
731 2261 901 2304 servorum
911 2240 973 2304 Dei
982 2240 1177 2305 dilectofilio
1186 2241 1345 2319 debarai,

212 2346 287 2410 ituli
311 2345 343 2409 S.
368 2339 512 2408 Balbinae
536 2345 724 2429 presbitero
751 2344 930 2421 Oardinali‚
952 2346 1051 2408 Ebor.
1073 2345 1344 2431 Arcbiepiscopo,

198 2451 341 2515 salutem
366 2455 401 2513 et
422 2451 654 2534 ¹Apostolicam
676 2450 948 2514 benedictionem.
992 2449 1074 2514 (lum
1098 2455 1135 2513 tu
1160 2449 1344 2514 Romanam

194 2554 380 2628 ecclesiam,
398 2553 492 2635 cujus
508 2553 701 2617 honorabile
715 2553 897 2616 membrum
913 2553 1040 2628 existis,
1054 2559 1186 2616 tuorum
1201 2555 1345 2618 honores

196 2638 426 2741 magnitudine
443 2657 647 2732 meritorum,
664 2676 724 2719 nos
740 2655 910 2737 cupientes
926 2660 1017 2719 tuam
1034 2677 1163 2739 quoque
1180 2657 1344 2722 honorare

197 2780 384 2844 personam,
411 2765 449 2823 ut
478 2781 538 2845 per
568 2760 725 2822 bonorem
745 2759 820 2834 *tibi
850 2760 1034 2823 exhibitum
1056 2759 1138 2823 ‘aliis
1168 2764 1202 2823 te
1232 2764 1344 2844 possis

197 2863 335 2927 reddere
366 2864 563 2947 gratiosum
595 2863 881 2946 circumspectioni
911 2870 976 2926 tuae
1006 2864 1203 2928 concedendi
1234 2865 1348 2930 decem

189 2968 343 3052 personis
357 2967 536 3044 nobilibus,
551 2968 591 3030 de
608 2968 728 3053 quibus
744 2967 806 3032 tibi
819 2969 994 3044 videbitur,
1005 2974 1043 3032 ut
1058 2968 1216 3052 quaelibet
1231 2991 1347 3034 earum

194 3073 316 3135 habere
360 3072 467 3155 possit
501 3069 608 3135 altare
645 3071 808 3155 portabile
843 3094 915 3136 cum
950 3072 1062 3136 debita
1090 3074 1280 3138 reverentia
1313 3085 1349 3140 et

194 3177 330 3251 honore,
349 3195 456 3259 super
478 3196 542 3258 quo
559 3176 592 3236 in
618 3175 700 3238 locis
723 3175 844 3240 adhoc
867 3177 1125 3261 congruentibus
1140 3183 1175 3240 et
1196 3178 1349 3243 honestis

196 3281 302 3364 possit
327 3301 386 3363 per
413 3300 447 3342 se
473 3278 524 3342 vel
548 3281 719 3364 proprium
744 3285 804 3344 aut
826 3280 927 3344 alium
951 3281 1156 3344 sacerdotem
1174 3281 1208 3343 in
1224 3303 1286 3346 sua
1309 3307 1349 3348 ac

196 3388 414 3451 familiarium
441 3408 576 3450 suorum
602 3387 857 3450 domesticorum
873 3388 1049 3471 praesentia
1071 3389 1205 3450 missam
1223 3395 1256 3451 et
1279 3388 1349 3454 alia

151 3473 164 3500 ⁰
195 3492 309 3554 divina
336 3492 445 3554 officia
476 3492 546 3554 sine
571 3491 659 3573 juris
690 3490 790 3554 alieni
816 3491 1004 3574 praejudicio
1036 3493 1195 3556 celebrari
1226 3494 1346 3573 facere,

195 3596 326 3677 plenam
344 3601 378 3658 et
389 3595 530 3658 liberam
547 3600 662 3658 tenore
680 3595 890 3676 praesentium
907 3596 1116 3659 concedimus
1131 3586 1345 3686 facultatem;
1385 3653 1388 3661 .

194 3699 272 3762 Dat.
300 3700 410 3762 Romae
441 3697 529 3782 apud
558 3698 591 3761 S.
617 3699 749 3760 Petrum
781 3719 867 3761 anno
895 3698 1138 3763 lucarnationis
1164 3700 1345 3766 Dominicae

197 3803 292 3867 1447.
316 3802 374 3863 VI.
400 3803 448 3865 ld.
472 3803 550 3878 Jun.
574 3802 786 3885 pontificatus
810 3783 917 3866 nostri
939 3826 1025 3867 anno
1053 3805 1188 3888 primo,'’
1211 3805 1344 3888 plenam

195 3911 229 3968 et
255 3905 394 3968 liberam
427 3906 628 3968 concesserit
658 3905 873 3981 facultatem
905 3928 1044 3991 cumque
1076 3929 1135 3991 pro
1165 3914 1260 3990 parte
1286 3917 1345 3973 tua

194 4009 288 4071 nobis
327 4007 476 4071 extiterit
528 4003 699 4071 humiliter
737 4009 957 4093 supplicatum
1002 4017 1037 4074 et
1069 4012 1199 4087 devote,
1236 4016 1344 4094 quati-

196 4131 259 4172 nus
289 4109 395 4173 altare
432 4111 595 4195 portabile
628 4111 890 4192 juxtaformam
921 4119 956 4176 et
989 4116 1140 4177 effectum
1172 4116 1343 4178 literarum

198 4213 459 4294 apostolicarum
483 4214 712 4299 praedictarum
739 4216 861 4278 habere
886 4218 993 4299 possis
1024 4220 1202 4282 concedere
1229 4221 1344 4305 digna-

199 4337 333 4391 remur;
358 4339 417 4379 nos
441 4340 518 4381 vero
536 4318 782 4381 considerantes
798 4326 861 4383 tuae
886 4321 1062 4404 probitatis
1078 4325 1206 4400 merita,
1224 4329 1344 4408 quibus
