2940 4996
501 414 773 493 ,Benedictiones
788 413 952 477 Diuersa.

503 791 780 857 BENEDICTIO
804 792 950 857 PANIS.

199 980 364 1045 Benedico
386 986 432 1057 te,
456 985 613 1046 creatura
634 981 744 1065 panis,
766 981 801 1045 in
823 982 957 1046 nomine
979 982 1093 1046 Patris
1115 987 1153 1046 et
1178 981 1259 1046 Filii
1280 990 1316 1046 et

154 1083 301 1168 Spiritus
328 1083 443 1148 Sancti
466 1105 527 1168 per
552 1084 715 1147 virtutem
742 1083 923 1148 Dominien
945 1085 1114 1170 passionis
1139 1090 1176 1148 et
1201 1106 1315 1148 resur·

153 1186 312 1250 rectionis
336 1207 358 1250 a
372 1187 524 1261 mortuis,
542 1192 579 1249 nt
600 1186 813 1250 sanctificata
834 1189 939 1251 verbo
960 1187 1025 1252 Dei
1047 1188 1313 1251 benedictionem

155 1310 309 1353 assumas
339 1290 501 1353 adversus
527 1309 644 1352 omnes
671 1289 842 1372 nequitias
872 1290 1047 1374 spiritales
1073 1296 1110 1354 et
1135 1290 1314 1355 universas

157 1392 361 1457 valitudines
391 1392 672 1476 infirmitatesque
705 1392 941 1468 membrorum,
970 1399 1011 1457 ut
1043 1393 1247 1477 quicumque
1279 1401 1313 1458 te

154 1496 369 1579 sumpserint,
385 1495 433 1559 sis
449 1495 498 1559 eis
520 1494 556 1557 in
571 1495 713 1576 tutelam
729 1495 852 1559 mentis
867 1502 905 1560 et
925 1497 1086 1580 eorporis,
1102 1497 1312 1561 inhonorem

154 1597 287 1661 Domini
317 1597 424 1662 nostri
449 1597 534 1662 Jesn
563 1595 699 1672 Christi,
727 1598 785 1681 qni
815 1598 1094 1662 estbenedictus
1123 1600 1160 1663 in
1191 1600 1312 1663 saecula

155 1699 360 1764 saeculorum.
405 1702 522 1762 Amen.

199 1800 283 1858 Alia.

198 1895 350 1971 Benedic,
366 1896 520 1971 Domine,
536 1897 622 1960 hane
637 1902 826 1961 creaturam
848 1918 969 1961 novam
985 1898 1093 1981 panis,
1111 1899 1201 1962 siout
1214 1900 1313 1963 bene·

152 1999 266 2063 dixisti
284 1999 429 2082 quinque
454 2020 561 2083 panes
581 2000 616 2063 in
640 2000 774 2063 deserto
798 2000 945 2083 quinque
968 1999 1119 2063 millibus
1140 2002 1312 2064 homiuum

155 2102 358 2177 saturandis,
390 2107 429 2165 ut
458 2102 503 2165 sit
533 2101 676 2166 dominis
706 2103 856 2185 ejusdem
889 2103 1065 2167 abundans
1098 2104 1134 2166 in
1164 2127 1311 2168 annuum

154 2204 360 2280 alimentum,
377 2209 623 2289 gustantesque
647 2226 686 2268 ex
712 2227 751 2269 eo
767 2205 934 2290 accipiant
955 2211 1024 2269 tam
1047 2207 1199 2290 corporis
1214 2229 1311 2291 quam

154 2306 271 2370 animae
288 2307 480 2372 sanitatem.
525 2307 587 2390 Qui
603 2307 690 2370 vivis
707 2312 743 2371 et
758 2328 880 2391 regnas
896 2329 970 2370 eum
986 2307 1058 2372 Deo
1073 2309 1188 2372 Patre.

459 2542 735 2609 BENEDICTIO
757 2543 996 2608 POMORUM.

198 2733 245 2797 Te
283 2733 510 2817 deprecamur,
549 2733 762 2816 omnipotens
796 2731 898 2808 Deus,
934 2737 973 2796 ut
1009 2733 1189 2799 benedicas
1226 2735 1310 2797 hune

154 2836 300 2900 fructum
317 2857 438 2899 novum
454 2857 638 2920 pomorum,
651 2842 688 2900 ut
704 2835 761 2918 qui
773 2857 833 2899 esu
849 2835 1033 2899 interdictae
1048 2838 1179 2901 arboris
1194 2837 1307 2902 letalis

153 2939 240 3023 pomi
257 2939 291 3002 in
314 2944 553 3023 protoparente
572 2938 658 3021 justi
683 2938 810 3002 funeris
835 2939 1005 3003 sententia
1027 2939 1164 3004 multati
1182 2961 1304 3014 sumus,

153 3064 213 3126 per
235 3042 497 3106 illustrationem
511 3042 600 3105 unici
616 3040 696 3104 Filii
712 3042 762 3105 tui
779 3041 1023 3125 Redemptoris,
1038 3041 1101 3106 Dei
1118 3065 1158 3107 ac
1174 3042 1304 3107 Domini

154 3147 263 3210 nostri
278 3146 298 3210 J
302 3166 360 3208 esu
377 3144 515 3221 Christi,
532 3151 567 3208 et
590 3145 735 3228 Spiritus
759 3144 872 3208 Sancti
894 3145 1170 3222 benedictionem,
1189 3146 1305 3211 saneti·

153 3250 253 3314 ficata
274 3249 385 3313 omnia
400 3254 500 3332 atque
525 3248 709 3323 benedicta,
726 3247 875 3332 depulsis
898 3253 999 3330 atque
1023 3249 1166 3332 abjectis
1186 3249 1308 3314 vetusti

154 3353 261 3416 hostis
284 3358 384 3434 atque
406 3350 506 3435 primi
526 3350 685 3414 facinoris
709 3350 892 3414 incentoris
915 3351 1057 3429 insidiis,
1073 3352 1257 3416 salubriter
1270 3373 1307 3416 ex

153 3456 254 3538 hujus
281 3454 346 3516 diei
371 3452 603 3516 anniversaria
630 3451 857 3518 sollemnitate
881 3452 1023 3518 diversis
1048 3457 1147 3516 terrae
1174 3455 1305 3520 edendis

153 3558 359 3643 germinibus
374 3556 536 3618 fruamur.
582 3555 655 3618 Per.

300 3794 574 3859 BENEDICTIO
597 3796 824 3860 POMORUM
845 3796 904 3859 ET
926 3795 1160 3862 NUCLEUM.

197 4002 384 4077 Sanctifiea,
411 3999 562 4071 Domine.
587 4023 687 4086 poma
714 4009 749 4066 et
776 4023 879 4066 nuces
905 4003 1110 4087 nucleosque
1136 4010 1306 4069 et'omnes

153 4107 283 4169 fruetus
299 4111 369 4168 turn
393 4105 550 4168 arborum
566 4126 666 4188 quam
689 4106 879 4182 herbarum,
898 4107 954 4189 qui
970 4111 1030 4170 tuo
1053 4107 1194 4191 imperio
1212 4130 1304 4172 usum

153 4208 308 4272 omnibus
324 4206 551 4271 animantibus
575 4209 734 4292 praebent,
751 4213 871 4292 perte,
889 4207 1024 4274 Christe
1039 4209 1061 4272 J
1063 4229 1135 4286 esu,
1151 4211 1210 4294 qui
1226 4211 1308 4276 vivis

153 4316 186 4375 et
202 4329 324 4393 regnas
341 4309 375 4370 in
392 4308 515 4373 seacula
532 4309 737 4373 saeculorum.
