2940 4996
538 404 741 468 [restaliatia
762 407 921 468 Abbatis.

471 815 774 882 INSTALLATIO
797 817 1003 920 ABBATiS.

197 1020 254 1077 His
268 1020 321 1078 rite
331 1023 463 1097 peractis,
478 1022 634 1079 deducatur
647 1022 687 1079 ad
701 1023 790 1079 locant
804 1044 897 1093 snam,
911 1031 936 1081 ct
957 1023 990 1080 in
1004 1023 1086 1080 choro
1098 1044 1151 1100 per
1165 1044 1323 1100 campanae

158 1115 275 1172 ecciesiae
288 1116 420 1173 investiat
435 1137 496 1173 eam
511 1117 665 1193 episeopus,
681 1116 786 1174 dicens.

198 1208 319 1292 Accipe
330 1215 530 1293 potestatem
542 1210 680 1293 regendi
691 1211 775 1274 hanc
788 1210 964 1276 ecclesiam
977 1216 1011 1275 et
1021 1211 1319 1296 congregationem

154 1313 237 1394 ejus,
252 1319 285 1378 et
300 1314 410 1376 omnin
426 1335 497 1397 quse
513 1314 654 1376 interius
670 1313 883 1397 exteriusque
900 1314 941 1377 ed
958 1335 1032 1377 enm
1049 1315 1232 1397 pertinent.
1280 1315 1320 1377 In

154 1416 286 1478 nomine
302 1415 435 1479 Domini
458 1416 562 1478 nostri
579 1415 662 1479 Jesu
685 1415 809 1480 Christi
835 1415 1015 1480 salvatoris
1037 1423 1073 1481 et
1094 1417 1321 1501 redemptoris

158 1519 274 1581 nostri.
320 1518 381 1602 Qui
398 1539 471 1581 cum
488 1519 599 1581 Putre.

197 1621 264 1677 Post
278 1622 334 1677 haee
347 1629 499 1678 reverenter
518 1629 661 1678 stataatnr
674 1622 707 1677 in
727 1622 797 1691 secie,
812 1623 862 1678 nti
883 1630 1036 1679 antecessor
1055 1623 1113 1697 ejns
1134 1623 1237 1679 solitas
1259 1631 1319 1678 erat

155 1722 238 1782 stare,
254 1715 441 1772 nitritonrinns
456 1717 562 1773 dicente
575 1716 616 1772 sie
630 1717 766 1792 episeopo.

200 1808 259 1872 sm
285 1810 319 1871 in
342 1809 478 1890 justitia
504 1817 537 1873 et
561 1810 750 1885 sanctitat-e,
774 1816 808 1873 et
833 1813 941 1874 retine
969 1811 1078 1875 locum
1106 1813 1169 1876 tibi
1198 1835 1220 1876 u
1247 1813 1317 1875 Deo

154 1910 355 1995 delegatum.
401 1913 523 1975 Potens
538 1918 590 1975 est
606 1918 717 1975 nutem
734 1912 836 1988 Deus,
852 1918 888 1975 ut
905 1919 1029 1999 augeat
1044 1914 1106 1978 tibi
1122 1915 1280 1999 gratiam.

198 2016 246 2077 Et
261 2017 310 2078 sie
326 2017 527 2096 incipiatur,
544 2016 589 2077 Te
607 2015 713 2078 Deum
729 2015 915 2079 laudamus.

199 2120 278 2176 Tana
305 2121 369 2177 dent
396 2121 423 2176 ei
449 2121 542 2176 saneti
560 2119 669 2193 fratres
696 2121 775 2195 pacis
803 2121 926 2177 osculnm
954 2142 1017 2178 earn
1043 2122 1122 2178 omni
1150 2124 1317 2192 reverantia,

151 2215 289 2288 flectentes
302 2236 414 2290 penna;
434 2215 475 2271 sie
494 2234 556 2270 earn
570 2215 604 2271 de
618 2222 703 2271 cetero
723 2222 754 2270 nt
768 2213 868 2271 datnnr
882 2215 900 2247 ⁴⁶
916 2236 933 2270 a
949 2215 1008 2273 Deo
1033 2211 1117 2294 [siin]
1136 2216 1319 2292 spirituatem

155 2317 276 2385 patrem,
292 2318 316 2366 et
330 2310 435 2366 honeste
449 2308 596 2364 humiliter
609 2309 783 2384 praevideant
797 2309 987 2366 constitutam.

199 2405 311 2462 Deinde
325 2405 457 2461 dieantur
473 2403 529 2459 hoec
543 2403 679 2479 capitata.

205 2500 340 2562 Salvum
356 2499 409 2561 fac
426 2519 557 2561 servum
574 2503 689 2560 tuum:

203 2603 295 2665 Deus
311 2623 414 2676 meus,
432 2605 619 2682 sperantem
637 2600 670 2661 in
686 2606 730 2662 te.

201 2706 285 2769 Esto
302 2705 341 2779 ei,
358 2705 510 2777 Domine,
527 2703 630 2764 turris
646 2702 854 2766 fortitudinis
872 2726 879 2764 :

203 2810 234 2872 A
248 2809 333 2872 facie
349 2806 484 2869 inimici.

202 2912 297 2975 Nihil
315 2909 467 2994 proficiat
482 2909 637 2970 inimicus
652 2909 685 2971 in
703 2929 761 2971 eo:

200 3016 243 3079 Et
258 3012 347 3076 filius
364 3011 550 3093 iniquitatis
567 3031 632 3071 nou
649 3014 795 3094 apponat
811 3031 929 3073 nocere
947 3011 988 3073 ei.

201 3120 332 3182 Memor
348 3121 421 3179 esto
438 3114 709 3197 congregationis
725 3119 810 3176 tuae:

201 3223 305 3307 Quem
321 3218 500 3305 possedisti
516 3219 557 3280 ab
574 3217 680 3279 initio.

199 3324 340 3390 Domine
358 3319 489 3384 exaudi.

200 3430 245 3491 Et
260 3427 395 3490 clamor.

198 3530 359 3593 Dominus
375 3526 554 3589 vobiscum.

198 3632 340 3705 Exaudi,
364 3629 515 3702 Domine,
538 3648 653 3711 preces
680 3631 823 3702 nostras,
852 3632 886 3691 et
913 3649 1012 3713 super
1037 3629 1125 3693 bunc
1151 3631 1314 3694 famulum

153 3742 248 3801 tuum
262 3735 304 3797 N.
323 3732 483 3816 Spiritum
499 3736 563 3794 tuse
576 3729 816 3792 benedictionis
829 3731 961 3806 emitte3
987 3738 1024 3795 ut
1036 3731 1162 3796 coelesti
1178 3755 1314 3797 munere

154 3841 291 3912 ditatus,
309 3842 343 3900 et
357 3842 423 3899 tuse
438 3835 554 3919 grutiae
571 3833 678 3918 possit
700 3854 822 3896 munus
836 3835 1009 3917 acquirere
1026 3841 1061 3898 et
1082 3836 1166 3900 bene
1183 3839 1315 3902 vivendi

154 3942 230 4005 aliis
247 3939 432 4021 exemplum
449 3939 605 4023 praebere.

192 4046 293 4102 Postea
307 4062 393 4098 novas
408 4043 491 4098 aibas
506 4041 609 4098 induat
624 4061 659 4109 se,
677 4048 702 4095 et
715 4039 885 4095 sollemniter
898 4041 985 4096 inissa
999 4041 1122 4100 dicatur.

154 4314 170 4345 *
188 4311 231 4366 Sic
245 4307 293 4361 Ms
306 4307 334 4360 (i.
349 4306 377 4359 Ο.
392 4305 420 4359 0.
436 4305 568 4360 rn-MS
579 4303 683 4376 Pantifi
698 4304 862 4373 Bainbridpe
875 4305 1014 4358 domnum.
