2940 4996
527 398 747 462 Consecratio
764 397 941 478 Episcopi.

445 827 774 909 [CONSECRATIO
797 826 1021 913 EPISCOP1.]

158 1035 320 1100 ...simo
348 1040 426 1119 post
448 1035 725 1099 resurrectionem
749 1056 823 1098 cum
850 1055 949 1098 carne
977 1054 1043 1117 qua
1069 1032 1256 1097 resurrexit
1278 1036 1313 1095 et

157 1139 269 1202 anima
292 1137 481 1201 ascendisse
504 1138 539 1200 in
562 1137 697 1212 coelum3
721 1142 757 1201 et
780 1138 895 1201 sedere
918 1137 960 1201 ad
983 1136 1157 1199 dexteram
1180 1133 1313 1210 Patris3

157 1239 235 1304 inde
266 1245 443 1304 venturum
473 1239 626 1323 judicare
656 1240 750 1304 vivos
784 1245 819 1304 et
847 1244 1009 1315 mortuos,
1041 1243 1076 1303 et
1107 1238 1313 1301 redditurum

158 1343 335 1426 unicuique
353 1344 532 1407 secundum
548 1364 650 1426 opera
666 1364 737 1419 sua,
755 1344 825 1408 sive
841 1345 929 1408 bona
943 1344 1069 1408 fuerint
1085 1344 1155 1407 sive
1171 1342 1281 1407 malai

201 1446 370 1522 Assenti0‚
387 1451 421 1509 et
437 1446 484 1509 ita
499 1446 608 1510 credo.

201 1550 445 1632 Interroyutio.
490 1548 606 1613 Credis
630 1553 664 1613 et
688 1548 848 1632 Spiritum
874 1548 1032 1612 Sanctum
1055 1547 1190 1632 plenum
1214 1552 1314 1631 atque

158 1652 344 1736 perfectum
370 1672 550 1734 verumque
576 1650 695 1727 Deum,
720 1673 741 1715 a
767 1652 867 1715 Patre
894 1651 1046 1734 Filioque
1070 1651 1314 1735 procedentem,

160 1753 373 1837 co-aequalem
390 1758 425 1816 et
436 1753 714 1830 coessentialem,
727 1754 1042 1838 coomnipotentem
1058 1759 1093 1819 et
1104 1760 1316 1820 coaeternum

160 1877 221 1941 per
236 1856 347 1920 omnia·
361 1856 455 1920 Patri
471 1861 505 1920 et
521 1856 629 1921 Filioi
817 1852 819 1857 ’

134 2040 137 2047 Ι
205 1959 321 2023 Crede.

204 2063 448 2145 Interroqatio.
495 2059 611 2125 Credis
637 2061 723 2126 hanc
751 2066 900 2125 sanctam
925 2061 1124 2126 Trinitatem
1151 2071 1218 2124 n‘on
1246 2065 1317 2126 tres

162 2165 252 2229 Deos
268 2165 445 2228 sedunum
460 2164 567 2229 Deum
584 2166 855 2248 omnipotentem,
868 2170 1037 2242 aeternum,
1053 2165 1267 2246 invisibilem,
1283 2174 1318 2231 et

160 2267 487 2332 incommutabileml

206 2371 250 2433 R.
296 2369 411 2433 Credo.

203 2474 450 2557 Interroyatio.
495 2472 612 2537 Credis
635 2477 786 2537 sanctam
809 2471 1015 2537 Catholicam
1032 2476 1067 2537 et
1089 2471 1317 2556 Apostolieam

162 2599 262 2641 unam
278 2597 352 2639 esse
368 2596 480 2639 veram
504 2575 695 2651 Ecclesiam,
711 2577 745 2638 in
761 2597 827 2658 qua
848 2575 948 2639 datur
968 2597 1070 2639 unum
1092 2575 1261 2660 baptisma
1283 2584 1318 2641 et
1362 2645 1364 2649 ,

160 2700 242 2744 vera
256 2678 408 2742 remissio
425 2677 569 2741 omnium
584 2679 817 2763 peccatorum!

207 2783 252 2844 R.
298 2780 414 2843 Credo.

205 2884 450 2964 Interroqutr'o.
497 2883 772 2947 Anathematizas
799 2884 901 2948 etiam
928 2904 1058 2947 omnem
1085 2882 1238 2948 hoeresim
1265 2905 1320 2947 ex-

162 2985 335 3049 tollentem
352 3005 387 3046 se
404 2984 565 3048 adversus
580 2985 666 3049 hanc
683 2991 834 3050 sanctam
851 2986 1025 3051 ecclesiam
1041 2986 1264 3051 catholicaml

208 3089 251 3152 R.
297 3087 565 3152 Anathematizc.

207 3192 453 3274 Interroyatio.
499 3190 616 3255 Credis
633 3190 734 3255 etiam
749 3213 862 3256 veram
878 3190 1159 3256 resurrectionem
1175 3189 1323 3274 ejusdem

166 3293 287 3368 carnis,
304 3313 403 3375 quam
418 3313 506 3354 nunc
520 3297 647 3377 gestas,
665 3297 699 3357 et
713 3293 817 3357 vitam
834 3299 1002 3358 aeternam.

209 3396 253 3457 lt.
300 3394 417 3457 Credo.

208 3499 454 3580 Interroyatio.
499 3496 616 3561 Credis
647 3497 748 3560 etiam
777 3496 854 3560 novi
884 3502 919 3562 et
949 3497 1073 3562 veteris
1103 3496 1323 3588 Testamenti,

166 3602 267 3686 Legis
289 3604 323 3662 et
345 3599 587 3683 Prophetarum
611 3604 646 3663 et
668 3601 915 3685 Apostolorum,
931 3623 1033 3664 unum
1056 3621 1131 3665 ease
1154 3604 1324 3665 auctorem

167 3704 275 3769 Deum
292 3724 330 3766 ac
346 3701 525 3766 Dominum
542 3703 823 3789 omnipotenteml

212 3805 330 3871 Credo.

209 3906 252 3964 Et
265 3906 382 3963 dicatur
395 3905 430 3961 ei.

209 4003 291 4066 Haee
314 4000 377 4064 tibi
399 3999 482 4062 fider
506 4003 671 4084 augeatur
693 4023 714 4065 a
735 3998 877 4063 Domino
904 3999 947 4065 ad
969 4020 1080 4066 veram
1108 4003 1143 4068 et
1165 4003 1324 4067 aternam

168 4103 419 4178 beatitudinem,
436 4100 653 4166 dilectissime
669 4103 775 4166 frater
790 4102 824 4165 in
841 4101 985 4167 Christo.

214 4206 251 4263 Et
265 4204 454 4282 respondeant
467 4225 569 4263 omues.

212 4303 331 4365 Amen.

255 4404 353 4468 Pont.
369 4401 412 4464 28
