2940 4996
153 400 212 461 194
340 401 540 463 Benedictio
557 398 667 474 Salis,
683 399 806 480 Aqua,
826 397 959 461 (linceis
975 404 1007 458 et
1030 395 1121 456 Vini.

1320 685 1328 786 l

214 810 489 878 nnunniono
513 813 649 888 sams,
674 811 821 897 noun,
845 807 1030 875 cinarus
1054 807 1110 873 nn
1134 809 1248 874 vini.

200 1019 401 1082 Benedictio
418 1020 506 1082 solis
522 1021 650 1083 dicens.

205 1121 362 1185 Exorcizo
378 1128 423 1199 te,
440 1127 594 1186 creatura
611 1121 703 1198 salis,
716 1142 778 1206 per
793 1120 940 1205 Defflum
957 1120 1080 1196 vivum,
1094 1140 1156 1204 per
1170 1117 1315 1204 Deffium

157 1247 283 1301 verum,
300 1247 361 1308 per
375 1225 523 1312 Deffium
542 1232 707 1301 sanctum,
723 1246 784 1311 per
798 1224 946 1310 Defflum
963 1223 1018 1307 qui
1034 1228 1070 1287 te
1090 1245 1151 1307 per
1166 1222 1315 1286 Eliseum

158 1329 356 1412 prophetam
373 1328 407 1391 in
424 1350 545 1412 aquam
561 1329 650 1392 mitti
663 1328 769 1411 jussit
784 1333 824 1390 ut
840 1331 1018 1391 sanaretur
1033 1326 1198 1390 sterilitas
1215 1347 1316 1409 aquae,

160 1438 197 1496 ut
229 1431 381 1494 efficiaris
413 1431 463 1494 sal
494 1431 703 1495 exorcizatus
736 1431 770 1494 in
798 1430 941 1495 salutem
966 1429 1184 1505 credentium,
1210 1434 1245 1494 et
1272 1429 1318 1492 sis

156 1534 311 1597 omnibus
325 1537 359 1596 te
384 1535 593 1599 sumentibus
609 1533 737 1598 sanitas
760 1534 877 1597 animae
894 1539 927 1598 et
949 1533 1108 1617 corporis,
1125 1538 1160 1596 et
1176 1533 1317 1616 effugiat

154 1642 254 1720 atque
266 1636 417 1699 discedat
428 1639 471 1701 ab
481 1658 520 1701 eo
533 1638 616 1712 loco,
628 1659 692 1720 quo
705 1656 865 1720 aspersus
875 1636 992 1712 fueris,
1004 1636 1111 1700 omnis
1124 1635 1315 1718 phantasia,

158 1745 193 1803 et
215 1738 366 1821 nequitia
387 1739 440 1802 vel
463 1742 616 1805 versutia
637 1738 808 1804 diabolicae
830 1739 970 1816 fraudis,
986 1739 1161 1821 omnisque
1181 1738 1322 1822 spiritus

157 1840 355 1916 immundus,
374 1842 550 1924 adjuratus
566 1863 627 1926 per
641 1862 717 1905 eum
734 1842 790 1925 qui
805 1845 969 1906 venturus
985 1846 1038 1906 est
1048 1840 1203 1923 judicare
1225 1841 1320 1905 vivos

157 1948 191 2006 et
206 1947 358 2006 mortuos
374 1948 409 2007 et
425 1945 580 2009 saeculum
596 1965 657 2030 per
671 1946 794 2030 ignem.
839 1946 958 2031 Amen.

204 2045 355 2109 Oremua

212 2150 413 2215 Immensum
445 2151 657 2216 clementiam
687 2159 792 2229 tuam,
820 2151 1032 2235 omnipotens
1061 2157 1185 2215 aeterne
1213 2150 1318 2226 Deus,

160 2253 334 2317 humiliter
348 2253 577 2337 imploramus,
590 2259 628 2319 ut
639 2257 727 2320 hanc
742 2259 931 2319 creaturam
949 2252 1042 2329 salis,
1055 2273 1155 2336 quam
1172 2254 1207 2316 in
1222 2274 1318 2317 usum

160 2358 276 2443 generi
302 2359 449 2422 humano
476 2360 636 2436 tribuisti,
662 2360 898 2447 beneffldicere
925 2364 960 2422 ct
987 2355 1239 2434 sanctifflficare
1265 2365 1323 2422 tua

160 2463 286 2544 pietate
311 2461 471 2546 digneris,
487 2468 527 2526 ut
550 2463 595 2527 sit
617 2463 770 2527 omnibus
794 2461 1003 2526 sumentibus
1027 2460 1119 2524 salus
1141 2461 1265 2525 mentis
1288 2469 1321 2526 et

159 2565 325 2647 corporis;
355 2570 391 2628 et
420 2566 577 2650 quicquid
610 2587 650 2629 ex
678 2587 717 2629 eo
748 2570 874 2629 tactum
901 2563 954 2627 vel
985 2584 1175 2649 respersum
1205 2565 1318 2641 fuerit,

160 2673 274 2731 careat
304 2669 393 2730 omni
424 2669 636 2733 immunditia
666 2669 820 2752 omnique
850 2668 1101 2753 impugnatione
1133 2668 1321 2754 spiritualis

161 2771 328 2852 nequitia.
374 2772 439 2835 Per
455 2770 628 2836 Christum
643 2771 832 2835 Dominum.

204 2872 406 2937 Benedictio
424 2877 585 2938 cinerum.

203 2973 368 3038 Dominus
384 2977 567 3041 vobiscum.

204 3079 425 3162 Omnipotens
439 3081 642 3164 sempiterne
655 3077 759 3154 Deus,
771 3098 871 3162 parce
882 3077 1124 3155 metuentibus,
1137 3080 1322 3164 propitiare

160 3181 378 3266 supplicibus,
403 3188 438 3246 et
462 3183 598 3247 mittere
625 3181 765 3266 dignare
793 3186 945 3245 sanctum
972 3180 1131 3266 angelum
1159 3187 1256 3246 tuum
1282 3185 1323 3247 de

159 3288 262 3363 coelis,
287 3288 342 3370 qui
366 3286 585 3375 beueffidicat
608 3292 643 3350 et
667 3285 896 3372 sanctifflficet
918 3285 1048 3349 cineres
1070 3286 1169 3362 istos,
1192 3292 1232 3352 ut
1256 3289 1326 3354 sint

158 3391 342 3454 remedium
359 3388 494 3453 salubre
511 3389 666 3454 omnibus
688 3409 810 3452 nomen
825 3392 919 3453 tuum
942 3388 1117 3452 humiliter
1138 3389 1325 3457 invocanti·

158 3495 231 3569 bus,
270 3514 309 3557 ac
348 3492 551 3575 semetipsos
596 3512 657 3576 pro
695 3491 903 3555 conscientia
946 3490 1146 3556 delictorum
1186 3513 1322 3560 suorum

158 3596 409 3671 accusantibus,
433 3602 535 3678 atque
556 3595 590 3657 in
614 3600 798 3680 conspectu
821 3595 942 3659 divinae
965 3594 1151 3659 clementia
1174 3596 1324 3664 facinora

154 3723 216 3765 sua
227 3700 493 3785 deplorantibus,
509 3699 559 3763 vel
574 3699 822 3763 serenissimam
836 3699 997 3783 pietatem
1010 3704 1104 3764 tuam
1121 3700 1322 3785 simpliciter

159 3805 345 3887 obnixeque
381 3803 640 3889 flagitantibus3
674 3806 809 3885 praesta,
844 3821 1044 3884 quaesumus,
1078 3800 1233 3880 Domine,
1264 3826 1325 3890 per

156 3907 403 3971 invocationem
421 3904 529 3970 sancti
552 3904 698 3968 nominis
714 3905 774 3982 tui,
791 3909 831 3970 ut
848 3905 908 3968 isti
931 3904 1061 3969 cineres
1077 3909 1265 3973 consecrati
1281 3911 1322 3975 ad

157 4010 441 4073 consecrationem
459 4009 578 4073 harum
594 4028 843 4092 campanarum,
856 4009 959 4092 hujus
974 4008 1132 4086 ecclesia,
1148 4014 1185 4075 et
1199 4010 1321 4078 altaris

154 4114 224 4176 sive
249 4111 419 4187 altarium,
436 4111 615 4176 coemeterii
639 4111 709 4175 sive
731 4111 1005 4188 coemeteriorum,
1020 4116 1056 4176 ot
1078 4112 1120 4176 ad
1143 4115 1318 4179 reconcili-

154 4217 300 4282 ationem
318 4214 497 4279 eorundem
511 4235 644 4298 semper
658 4213 845 4296 proficiant.
892 4214 958 4277 Per
968 4213 1148 4279 Dominum
1166 4222 1318 4282 nostrum

154 4320 269 4383 Jesum
290 4317 472 4380 Christum.
