2940 4996
212 395 276 458 116
468 397 686 461 Ooasccratio
702 397 829 461 altaris
845 397 917 461 ciac
932 393 1103 460 Ecclesia.

205 594 1369 763 W

252 790 423 856 Domi-ne
540 795 583 858 ad
612 798 646 860 tc
674 794 722 858 di·
738 793 782 857 ri·
798 832 811 845 -
826 799 943 880 ga-tur'
959 814 979 857 o
995 830 1009 842 -
1022 792 1105 858 rati
1120 813 1169 856 -o
1189 811 1243 854 me
1260 829 1273 840 -
1289 828 1303 839 -
1318 828 1332 840 -
1348 811 1370 854 a

180 961 1338 1092 ,ω

205 1117 306 1182 sio-ut
327 1119 512 1184 incer-sum
539 1122 574 1184 in
598 1144 739 1207 conspeo
755 1160 770 1172 ·
784 1127 822 1186 tu
888 1121 1141 1206 ma-jes-ta-tis
1185 1124 1224 1185 tu
1241 1157 1253 1168 -
1270 1141 1308 1183 se.

612 1276 888 1420 Ξ

244 1446 288 1510 Ia
305 1455 453 1529 tempore
467 1449 648 1542 Pacatali,
664 1448 867 1536 allelu-ys.

329 1667 754 1750 *⁴⁴:¹³2ss

249 1792 308 1855 Ps.
352 1790 521 1855 Do-mi-ne
537 1794 660 1858 cla-ma
675 1829 688 1842 ·
704 1794 748 1857 vi.

248 1895 289 1957 H
289 1915 327 1958 oo
334 1896 435 1976 facto
450 1897 548 1960 dicat
563 1898 753 1978 episcopas.
799 1896 950 1961 Oremus.

247 1997 426 2060 Diacoaas
440 1999 547 2074 dicat,
563 1998 755 2063 Flectamus
770 2019 892 2083 genua.
936 1998 1074 2063 Levate.

251 2101 383 2164 Oratio.
427 2098 490 2164 Dei
499 2101 612 2165 Patris
621 2101 860 2185 omnipotentis
868 2100 1129 2165 misericordiam
1139 2098 1364 2184 deprecemur,

204 2202 414 2267 dilectissimi
447 2203 581 2279 fratres,
612 2207 651 2268 ut
683 2204 747 2267 hoo
781 2203 890 2268 altare
925 2203 1099 2268 sacrificiis
1133 2201 1364 2287 spiritualibus

205 2304 476 2382 consecrandum,
492 2309 615 2369 nostrae
637 2305 729 2370 vocis
752 2311 911 2371 exoratus
927 2307 1044 2382 officio,
1060 2305 1219 2390 prasenti
1241 2307 1364 2387 beneq<

204 2409 347 2473 dictione
376 2406 605 2483 sanctifflficet
623 2412 659 2472 et
680 2407 715 2471 in
737 2429 776 2472 eo
801 2428 933 2493 semper
955 2407 1142 2472 oblationes
1164 2406 1365 2471 famulorum

206 2533 341 2576 suorum
365 2513 476 2578 studio
499 2512 686 2576 devotionis
709 2512 884 2596 impositas
906 2509 1137 2600 beneffidioere
1160 2515 1195 2575 et
1218 2511 1364 2593 sanctiffl

204 2616 304 2678 ficare
320 2616 486 2700 dignetur,
502 2619 541 2679 ut
556 2614 725 2700 spirituali
740 2614 893 2699 placatus
908 2614 1054 2690 incenso,
1069 2614 1219 2699 precanti
1235 2613 1366 2678 familia

206 2738 272 2781 suae
302 2722 477 2801 promptus
507 2718 685 2782 exauditor
714 2717 866 2782 assistat.
910 2719 975 2782 Per
1003 2717 1182 2782 Dominum
1213 2722 1365 2782 nostrum

203 2819 225 2882 J
227 2839 319 2882 esum
343 2818 513 2883 Christum
529 2819 652 2882 Filium
675 2840 781 2896 suum,
799 2818 856 2904 qui
879 2841 954 2883 oum
969 2840 1009 2883 eo
1030 2824 1065 2885 et
1089 2818 1218 2904 Spiritu
1241 2818 1364 2884 Sancto

203 2920 287 2985 vivit
303 2926 337 2985 et
351 2927 472 3007 regnat
486 2921 590 2987 Deus.
633 2922 707 2987 Per.

243 3023 304 3081 Hic
316 3024 450 3081 inchoata
464 3025 631 3102 antiphona,
647 3024 790 3084 Ascendit
808 3023 910 3096 fumus,
921 3030 1049 3102 ponatur
1068 3023 1214 3082 carcosam
1226 3022 1260 3081 ia
1272 3022 1365 3081 medlo

203 3125 228 3176 et
239 3117 278 3184 ad
291 3127 413 3196 qaataor
422 3119 539 3194 capulos
553 3118 656 3176 altaris
668 3139 752 3196 saper
764 3119 1044 3196 cucullatorum,
1059 3116 1100 3198 [ct
1112 3117 1231 3197 desuper
1243 3119 1366 3197 palosque

147 3243 149 3245 ·
203 3233 295 3270 craccs
308 3212 342 3270 dc
354 3211 474 3291 proella]
493 3211 621 3284 candela,
636 3222 663 3270 ct
676 3213 856 3273 laccadatar.

137 3364 140 3368 ,
242 3306 285 3365 Et
298 3307 414 3366 dicatur
427 3306 544 3365 latoria
557 3306 614 3364 tac
628 3307 796 3384 antiphona.

248 3609 441 3678 As-oeu-dit
466 3609 593 3673 fu-mus
619 3614 882 3676 a-ro-ma-tum
907 3610 943 3674 in
966 3615 1147 3696 conspectu
1172 3610 1289 3677 Do-mi
1304 3612 1364 3677 -ui

206 3788 711 3940 Q

207 3956 248 4019 de
277 3975 333 4017 ma
348 3991 361 4004 -
375 3991 389 4003 -
406 3989 420 4002 -
435 3973 480 4016 nu
513 3951 666 4038 an-ge-li.

628 4133 921 4249 Q}

249 4282 293 4344 Ia
311 4289 457 4360 tempore
473 4279 653 4354 Paschae,
670 4278 753 4343 al-le
766 4278 884 4363 -lu-ya.
945 4281 948 4288 '
