2940 4996
207 402 270 466 134
578 407 781 472 Benedictio
800 408 996 490 Campam

248 608 307 672 Pa.
351 607 502 673 Laudato
517 609 696 672 Dominum
712 610 867 693 quoniam
882 612 1000 677 bonus.
1165 613 1234 695 [Ps.
1251 615 1366 704 cxlvi]

248 712 306 774 Pa.
350 710 466 774 Lauda
482 711 708 775 Hierusalem.
1147 716 1363 805 [Ps.exlvii.]

134 875 137 880 .
246 816 305 879 Pa.
350 814 502 879 Laudate
520 815 697 877 Dominum
713 815 753 878 de
770 815 871 881 coelis.
1134 818 1205 901 [Ps.
1222 822 1363 902 cxlviii]

246 918 306 979 Pa.
353 916 495 980 Caritate
512 917 654 981 Domino
671 919 836 981 canticum
852 940 985 986 novum.
1162 920 1364 1012 [Ps.cxlix.]

196 1088 200 1096 Ι
247 1020 305 1081 Po.
350 1018 502 1082 Laudate
518 1018 698 1082 Dominum
714 1020 748 1082 in
765 1022 903 1084 sanctis.
1217 1024 1361 1106 [Ps.cl.]

248 1143 321 1185 cnm
338 1122 403 1184 bac
418 1123 620 1201 antiphona.

247 1224 287 1286 In
302 1224 439 1287 civitate
454 1223 588 1286 Domini
611 1223 701 1287 clare
717 1231 839 1289 sonant
848 1227 979 1311 jugiter
1001 1248 1129 1312 organa
1152 1237 1369 1298 sanctorum:

202 1328 248 1391 ibi
264 1327 462 1391 cinnamomi
477 1333 512 1390 et
527 1327 668 1391 balsami
685 1328 766 1391 odor
789 1329 1007 1393 suavissimus
1023 1331 1080 1413 qui
1103 1331 1145 1394 ad
1161 1332 1269 1398 Deum
1291 1357 1367 1421 per·

203 1432 310 1494 tinet:
334 1432 380 1494 ibi
404 1429 515 1513 angeli
538 1435 574 1494 et
595 1431 789 1515 archangeli
808 1433 967 1516 hymnum
990 1432 1060 1498 Deo
1083 1435 1266 1503 decantant
1287 1447 1369 1505 ante

203 1534 326 1596 sedem.
371 1532 536 1616 Alleluya.

244 1634 286 1691 Et
305 1635 374 1691 darn
390 1635 500 1712 psalmi
516 1634 651 1712 proedicti
670 1643 832 1707 contuntur,
848 1644 1007 1713 extorquetur
1026 1640 1170 1698 vasculum
1192 1641 1256 1701 benc
1277 1643 1365 1704 linteo

203 1731 280 1788 intus
294 1738 319 1787 et
333 1738 419 1787 extro.

242 1823 385 1900 Seqnoinn
398 1824 498 1882 oratio.

244 1919 347 1994 Deus,
365 1921 421 2004 qui
438 1942 497 2004 per
513 1920 653 2004 Moysen
669 1919 858 2004 legiferum,
875 1920 975 1985 tubas
990 1929 1169 2007 argenteas
1185 1926 1258 1990 fieri
1282 1950 1376 2013 prae·

203 2023 331 2107 cepisti,
348 2045 433 2106 quas
449 2024 525 2085 dum
542 2022 666 2086 Levitae
689 2029 839 2105 tempore
856 2022 1011 2086 sacrificii
1032 2023 1236 2110 clangerent,
1253 2031 1370 2097 sonitu

203 2126 388 2189 dulcedinis
404 2124 547 2211 populus
571 2126 719 2187 monitus
742 2125 784 2188 ad
800 2131 834 2187 te
858 2125 1018 2188 orandum
1042 2125 1138 2192 fieret
1159 2140 1372 2214 praeparatus

204 2251 343 2314 quarum
368 2229 525 2313 clangore
548 2229 707 2291 hortatus
734 2228 775 2290 ad
799 2226 923 2290 bellum
946 2228 1117 2313 magnalia
1139 2241 1372 2315 prosterneret

203 2333 475 2407 adversantium
499 2339 623 2416 praesta
645 2338 683 2394 ut
706 2332 768 2394 hoc
792 2330 965 2393 vasculum
989 2332 1136 2398 ecclesioe
1158 2341 1223 2399 tuae
1246 2359 1373 2425 praepa-

203 2448 314 2503 ratum
332 2437 600 2520 sanctifflficetur
620 2435 732 2520 gratia
757 2434 871 2497 Sancti
889 2434 1045 2518 Spiritus,
1062 2441 1102 2501 ut
1123 2438 1370 2508 interveniente

204 2547 319 2604 sancto
334 2541 379 2603 N.
396 2561 455 2624 per
470 2539 562 2601 illius
579 2538 724 2602 sonitum
741 2537 857 2600 fideles
879 2537 1065 2601 invitentur
1080 2540 1122 2603 ad
1137 2543 1320 2626 praemium,
1337 2554 1372 2611 et

203 2665 278 2708 oum
300 2642 444 2705 melodia
465 2643 558 2705 illius
580 2642 717 2706 auribus
740 2640 926 2703 insonuerit
948 2639 1158 2725 populorum,
1180 2653 1313 2712 crescat
1336 2649 1370 2712 in

203 2747 252 2809 eis
283 2746 417 2809 devotio
447 2745 544 2821 fidei3
579 2743 695 2828 procul
730 2741 900 2827 pellantur
929 2763 1044 2806 omnes
1077 2744 1205 2811 insidioe
1233 2749 1371 2830 inimici,

202 2849 318 2933 fragor
339 2848 552 2931 grandinum,
568 2846 717 2931 procella
740 2845 922 2921 turbinum,
939 2845 1084 2930 impetus
1107 2854 1372 2935 tempestatum

203 2956 434 3034 temperentur
456 2951 581 3013 infesta
601 2950 760 3023 tonitrua,
776 2953 952 3010 ventorum
967 2949 1073 3013 flabra
1088 2950 1172 3014 fiant
1187 2954 1375 3022 salubriter

203 3074 242 3117 ac
258 3053 431 3115 moderate
449 3036 625 3136 suspensa,
637 3056 895 3135 prosternantur
910 3071 1014 3112 aereae
1029 3056 1218 3134 potestates
1233 3055 1374 3123 dextera

202 3162 268 3219 tuae
284 3155 432 3230 virtutia
447 3161 484 3217 et
501 3174 616 3217 omnes
639 3151 799 3216 immundi
817 3152 957 3235 spiritus
979 3152 1042 3215 hoc
1057 3154 1233 3221 audientes
1256 3161 1373 3226 tintin-

203 3256 374 3331 nabulum,
398 3261 604 3320 tremescunt
629 3265 664 3318 et
687 3253 820 3338 fugiant
845 3253 941 3336 quasi
966 3259 1044 3317 ante
1068 3258 1177 3321 crucis
1201 3261 1371 3330 vexillum.

202 3360 341 3435 Praesta,
374 3380 574 3443 quaesumus,
606 3357 702 3421 nobis
732 3358 818 3419 hanc
848 3357 1003 3440 gratiam,
1035 3356 1176 3425 Domine
1206 3361 1310 3442 Deus,
1338 3375 1373 3437 et

202 3464 310 3527 omnis
344 3462 462 3547 lingua
497 3463 709 3536 confiteatur,
741 3459 820 3543 quia
850 3467 898 3535 tu,
929 3458 1092 3525 Dominus
1125 3471 1243 3528 noster
1271 3467 1371 3534 Jesus
1450 3531 1452 3534 ,

203 3566 370 3641 Christus,
399 3565 560 3647 absorpta
592 3568 699 3626 morte
731 3583 790 3645 per
819 3561 1007 3645 patibulum
1038 3563 1157 3643 crucis,
1184 3558 1308 3653 regnas
1338 3572 1371 3635 in

202 3669 312 3755 gloria
334 3667 398 3732 Dei
420 3668 533 3731 Patris
558 3688 631 3730 cum
656 3666 779 3730 Sancto
804 3665 930 3750 Spiritu
953 3687 1013 3749 per
1036 3669 1148 3732 omnia
1170 3671 1291 3737 saecula
1314 3695 1370 3738 sa·

200 3773 361 3836 culorum.
1357 3844 1364 3855 ¹

242 3874 349 3931 Finito
371 3873 506 3943 oratione,
529 3871 611 3928 liniet
632 3870 776 3954 episcopas
800 3871 884 3927 iliam
906 3891 1077 3948 componam
1097 3873 1250 3935 chrismate
1273 3882 1368 3958 septies

201 3972 304 4048 deforis
318 3980 342 4028 et
356 3972 468 4028 deintus
482 3978 615 4046 quattuor
629 3969 746 4039 vicibus,
763 3968 889 4027 dicendo.

247 4065 515 4143 Oonseefflretur
549 4071 584 4129 et
620 4063 892 4143 sunctifflfieetur
921 4064 983 4128 hoc
1018 4065 1148 4150 signum
1181 4069 1216 4134 in
1247 4072 1371 4138 honore

206 4167 341 4250 [sancti]
370 4167 414 4230 N.
460 4169 500 4232 ln
527 4169 660 4231 nomine
688 4167 810 4244 Patris,
837 4174 871 4231 et
895 4166 986 4244 Filii,
1010 4173 1045 4242 et
1072 4169 1220 4254 Spiritus
1249 4176 1371 4242 sancti,

202 4279 318 4336 Amen.
