<?xml version="1.0" encoding="UTF-8"?>
<!DOCTYPE html PUBLIC "-//W3C//DTD XHTML 1.0 Transitional//EN"
    "http://www.w3.org/TR/xhtml1/DTD/xhtml1-transitional.dtd">
<html xmlns="http://www.w3.org/1999/xhtml" xml:lang="en" lang="en">
 <head>
  <title>
</title>
<meta http-equiv="Content-Type" content="text/html;charset=utf-8" />
  <meta name='ocr-system' content='tesseract 3.04.00' />
  <meta name='ocr-capabilities' content='ocr_page ocr_carea ocr_par ocr_line ocrx_word'/>
</head>
<body>
  <div class='ocr_page' id='page_1' title='image "./liberpontifical01baingoog_0114.png"; bbox 0 0 2940 4996; ppageno 0'>
   <div class='ocr_carea' id='block_1_1' title="bbox 504 407 1274 478">
    <p class='ocr_par' dir='ltr' id='par_1_1' title="bbox 504 407 1274 478">
     <span class='ocr_line' id='line_1_1' title="bbox 504 407 1274 478; baseline -0.012 0"><span class='ocrx_word' id='word_1_1' title='bbox 504 409 875 478; x_wconf 71' lang='lat' dir='ltr'><strong>Dedicattoln&#39;eelestoe.</strong></span> <span class='ocrx_word' id='word_1_2' title='bbox 1233 407 1274 470; x_wconf 87' lang='lat'><strong>61</strong></span> 
     </span>
    </p>
   </div>
   <div class='ocr_carea' id='block_1_2' title="bbox 109 581 1278 736">
    <p class='ocr_par' dir='ltr' id='par_1_2' title="bbox 109 581 1278 736">
     <span class='ocr_line' id='line_1_2' title="bbox 109 581 1278 736; baseline 0.015 -35"><span class='ocrx_word' id='word_1_3' title='bbox 109 581 1278 736; x_wconf 46' lang='lat' dir='ltr'><strong>H—ssss’zffimffl</strong></span> 
     </span>
    </p>
   </div>
   <div class='ocr_carea' id='block_1_3' title="bbox 161 750 1277 840">
    <p class='ocr_par' dir='ltr' id='par_1_3' title="bbox 161 750 1277 840">
     <span class='ocr_line' id='line_1_3' title="bbox 161 750 1277 840; baseline 0.001 -27"><span class='ocrx_word' id='word_1_4' title='bbox 161 750 243 815; x_wconf 85' lang='lat' dir='ltr'><strong>Haec</strong></span> <span class='ocrx_word' id='word_1_5' title='bbox 287 773 331 816; x_wconf 89' lang='lat' dir='ltr'><strong>au</strong></span> <span class='ocrx_word' id='word_1_6' title='bbox 346 751 411 816; x_wconf 92' lang='lat' dir='ltr'><strong>-la</strong></span> <span class='ocrx_word' id='word_1_7' title='bbox 427 762 493 818; x_wconf 70' lang='lat' dir='ltr'><strong>‘ac-</strong></span> <span class='ocrx_word' id='word_1_8' title='bbox 503 754 582 838; x_wconf 93' lang='lat' dir='ltr'><strong>ci-pi</strong></span> <span class='ocrx_word' id='word_1_9' title='bbox 598 793 611 803; x_wconf 96' lang='lat'>·</span> <span class='ocrx_word' id='word_1_10' title='bbox 627 759 664 819; x_wconf 92' lang='lat' dir='ltr'><strong>at</strong></span> <span class='ocrx_word' id='word_1_11' title='bbox 693 777 713 819; x_wconf 87' lang='lat' dir='ltr'><strong>a</strong></span> <span class='ocrx_word' id='word_1_12' title='bbox 742 755 793 819; x_wconf 91' lang='lat' dir='ltr'><strong>De</strong></span> <span class='ocrx_word' id='word_1_13' title='bbox 808 775 843 818; x_wconf 91' lang='lat' dir='ltr'><strong>-o</strong></span> <span class='ocrx_word' id='word_1_14' title='bbox 874 775 937 840; x_wconf 87' lang='lat' dir='ltr'><strong>gra</strong></span> <span class='ocrx_word' id='word_1_15' title='bbox 955 793 968 804; x_wconf 95' lang='lat'>-</span> <span class='ocrx_word' id='word_1_16' title='bbox 984 754 1011 817; x_wconf 87' lang='lat' dir='ltr'><strong>ti</strong></span> <span class='ocrx_word' id='word_1_17' title='bbox 1027 791 1040 802; x_wconf 95' lang='lat'>-</span> <span class='ocrx_word' id='word_1_18' title='bbox 1055 791 1069 802; x_wconf 94' lang='lat'>·</span> <span class='ocrx_word' id='word_1_19' title='bbox 1084 774 1148 828; x_wconf 92' lang='lat' dir='ltr'><strong>am,</strong></span> <span class='ocrx_word' id='word_1_20' title='bbox 1164 753 1277 815; x_wconf 90' lang='lat' dir='ltr'><strong>be-ne-</strong></span> 
     </span>
    </p>
   </div>
   <div class='ocr_carea' id='block_1_4' title="bbox 112 1076 1275 1147">
    <p class='ocr_par' dir='ltr' id='par_1_4' title="bbox 112 1076 1275 1147">
     <span class='ocr_line' id='line_1_4' title="bbox 112 1076 1275 1147; baseline -0.001 -7"><span class='ocrx_word' id='word_1_21' title='bbox 112 1076 212 1142; x_wconf 89' lang='lat' dir='ltr'><strong>dic-ti</strong></span> <span class='ocrx_word' id='word_1_22' title='bbox 227 1114 241 1127; x_wconf 95' lang='lat'>·</span> <span class='ocrx_word' id='word_1_23' title='bbox 257 1097 277 1141; x_wconf 91' lang='lat' dir='ltr'><strong>o</strong></span> <span class='ocrx_word' id='word_1_24' title='bbox 292 1095 382 1142; x_wconf 87' lang='lat' dir='ltr'><strong>-nem</strong></span> <span class='ocrx_word' id='word_1_25' title='bbox 398 1083 432 1144; x_wconf 90' lang='lat' dir='ltr'><strong>et</strong></span> <span class='ocrx_word' id='word_1_26' title='bbox 446 1080 663 1147; x_wconf 72' lang='lat' dir='ltr'><strong>miseri-eor</strong></span> <span class='ocrx_word' id='word_1_27' title='bbox 680 1080 739 1144; x_wconf 93' lang='lat' dir='ltr'><strong>-di</strong></span> <span class='ocrx_word' id='word_1_28' title='bbox 755 1118 768 1130; x_wconf 96' lang='lat'><em>-</em></span> <span class='ocrx_word' id='word_1_29' title='bbox 784 1088 838 1145; x_wconf 89' lang='lat' dir='ltr'><strong>am</strong></span> <span class='ocrx_word' id='word_1_30' title='bbox 879 1101 900 1145; x_wconf 91' lang='lat' dir='ltr'><strong>a</strong></span> <span class='ocrx_word' id='word_1_31' title='bbox 975 1077 1074 1143; x_wconf 80' lang='lat' dir='ltr'><strong>Chris</strong></span> <span class='ocrx_word' id='word_1_32' title='bbox 1088 1115 1102 1128; x_wconf 93' lang='lat'><em>-</em></span> <span class='ocrx_word' id='word_1_33' title='bbox 1117 1081 1152 1143; x_wconf 87' lang='lat' dir='ltr'><strong>to</strong></span> <span class='ocrx_word' id='word_1_34' title='bbox 1167 1076 1189 1141; x_wconf 90' lang='lat' dir='ltr'><strong>J</strong></span> <span class='ocrx_word' id='word_1_35' title='bbox 1191 1097 1275 1142; x_wconf 74' lang='lat' dir='ltr'><strong>esu.</strong></span> 
     </span>
    </p>
   </div>
   <div class='ocr_carea' id='block_1_5' title="bbox 112 1225 1286 3570">
    <p class='ocr_par' dir='ltr' id='par_1_5' title="bbox 365 1225 802 1341">
     <span class='ocr_line' id='line_1_5' title="bbox 365 1225 802 1341; baseline 0.002 -1"><span class='ocrx_word' id='word_1_36' title='bbox 365 1225 802 1341; x_wconf 40' lang='lat'><strong>{³2¹2}</strong></span> 
     </span>
    </p>

    <p class='ocr_par' dir='ltr' id='par_1_6' title="bbox 159 1367 863 1454">
     <span class='ocr_line' id='line_1_6' title="bbox 159 1367 863 1454; baseline 0.004 -22"><span class='ocrx_word' id='word_1_37' title='bbox 159 1367 334 1433; x_wconf 82' lang='lat' dir='ltr'><strong>Psalmos.</strong></span> <span class='ocrx_word' id='word_1_38' title='bbox 379 1370 541 1454; x_wconf 85' lang='lat' dir='ltr'><strong>Mag-nus</strong></span> <span class='ocrx_word' id='word_1_39' title='bbox 556 1369 781 1435; x_wconf 70' lang='lat' dir='ltr'><strong>Domi-nus*</strong></span> <span class='ocrx_word' id='word_1_40' title='bbox 859 1375 863 1382; x_wconf 85' lang='lat'>&#39;</span> 
     </span>
    </p>

    <p class='ocr_par' dir='ltr' id='par_1_7' title="bbox 158 1470 1093 1547">
     <span class='ocr_line' id='line_1_7' title="bbox 158 1470 1093 1547; baseline 0.003 -18"><span class='ocrx_word' id='word_1_41' title='bbox 158 1470 264 1531; x_wconf 85' lang='lat' dir='ltr'><strong>Postea</strong></span> <span class='ocrx_word' id='word_1_42' title='bbox 278 1472 373 1530; x_wconf 81' lang='lat' dir='ltr'><strong>veniat</strong></span> <span class='ocrx_word' id='word_1_43' title='bbox 386 1473 419 1530; x_wconf 81' lang='lat' dir='ltr'><strong>ia</strong></span> <span class='ocrx_word' id='word_1_44' title='bbox 432 1473 558 1531; x_wconf 79' lang='lat' dir='ltr'><strong>medium</strong></span> <span class='ocrx_word' id='word_1_45' title='bbox 571 1475 698 1547; x_wconf 81' lang='lat' dir='ltr'><strong>ecclesloe,</strong></span> <span class='ocrx_word' id='word_1_46' title='bbox 712 1483 737 1533; x_wconf 86' lang='lat' dir='ltr'><strong>et</strong></span> <span class='ocrx_word' id='word_1_47' title='bbox 751 1475 829 1533; x_wconf 28' lang='lat' dir='ltr'><strong>diescat</strong></span> <span class='ocrx_word' id='word_1_48' title='bbox 843 1475 915 1534; x_wconf 80' lang='lat' dir='ltr'><strong>boae</strong></span> <span class='ocrx_word' id='word_1_49' title='bbox 929 1475 1093 1534; x_wconf 78' lang='lat' dir='ltr'><strong>orationem.</strong></span> 
     </span>
    </p>

    <p class='ocr_par' dir='ltr' id='par_1_8' title="bbox 112 1566 1286 3495">
     <span class='ocr_line' id='line_1_8' title="bbox 163 1566 1280 1654; baseline -0.001 -21"><span class='ocrx_word' id='word_1_50' title='bbox 163 1567 299 1633; x_wconf 80' lang='lat' dir='ltr'><strong><em>Oratio.</em></strong></span> <span class='ocrx_word' id='word_1_51' title='bbox 343 1566 446 1645; x_wconf 75' lang='lat' dir='ltr'><strong>DeuS,</strong></span> <span class='ocrx_word' id='word_1_52' title='bbox 470 1567 527 1651; x_wconf 90' lang='lat' dir='ltr'><strong>qui</strong></span> <span class='ocrx_word' id='word_1_53' title='bbox 549 1574 703 1633; x_wconf 90' lang='lat' dir='ltr'><strong>sanctum</strong></span> <span class='ocrx_word' id='word_1_54' title='bbox 726 1571 867 1654; x_wconf 81' lang='lat' dir='ltr'>Moysen</span> <span class='ocrx_word' id='word_1_55' title='bbox 890 1591 956 1654; x_wconf 86' lang='lat' dir='ltr'><strong>prae</strong></span> <span class='ocrx_word' id='word_1_56' title='bbox 979 1571 1107 1634; x_wconf 88' lang='lat' dir='ltr'><strong>cunctis</strong></span> <span class='ocrx_word' id='word_1_57' title='bbox 1133 1567 1280 1633; x_wconf 90' lang='lat' dir='ltr'><strong>millibus</strong></span> 
     </span>
     <span class='ocr_line' id='line_1_9' title="bbox 116 1668 1279 1748; baseline 0.002 -15"><span class='ocrx_word' id='word_1_58' title='bbox 116 1668 317 1734; x_wconf 88' lang='lat' dir='ltr'><strong>Israeliticis</strong></span> <span class='ocrx_word' id='word_1_59' title='bbox 347 1673 416 1733; x_wconf 89' lang='lat' dir='ltr'><strong>tam</strong></span> <span class='ocrx_word' id='word_1_60' title='bbox 447 1669 644 1734; x_wconf 83' lang='lat' dir='ltr'><strong>familiarem</strong></span> <span class='ocrx_word' id='word_1_61' title='bbox 674 1672 737 1735; x_wconf 90' lang='lat' dir='ltr'><strong>tibi</strong></span> <span class='ocrx_word' id='word_1_62' title='bbox 767 1693 841 1736; x_wconf 88' lang='lat' dir='ltr'><strong>esse</strong></span> <span class='ocrx_word' id='word_1_63' title='bbox 868 1672 987 1747; x_wconf 75' lang='lat' dir='ltr'><strong>fecisti,</strong></span> <span class='ocrx_word' id='word_1_64' title='bbox 1014 1677 1053 1737; x_wconf 95' lang='lat' dir='ltr'><strong>ut</strong></span> <span class='ocrx_word' id='word_1_65' title='bbox 1082 1672 1113 1736; x_wconf 92' lang='lat' dir='ltr'><strong>ei</strong></span> <span class='ocrx_word' id='word_1_66' title='bbox 1142 1672 1279 1748; x_wconf 84' lang='lat' dir='ltr'><strong>diceres,</strong></span> 
     </span>
     <span class='ocr_line' id='line_1_10' title="bbox 115 1772 1278 1859; baseline 0 -23"><span class='ocrx_word' id='word_1_67' title='bbox 115 1772 283 1836; x_wconf 89' lang='lat' dir='ltr'><strong>Invenisti</strong></span> <span class='ocrx_word' id='word_1_68' title='bbox 298 1772 385 1848; x_wconf 79' lang='lat' dir='ltr'><strong>enim</strong></span> <span class='ocrx_word' id='word_1_69' title='bbox 400 1773 545 1857; x_wconf 81' lang='lat' dir='ltr'><strong>gratiam</strong></span> <span class='ocrx_word' id='word_1_70' title='bbox 560 1795 671 1838; x_wconf 89' lang='lat' dir='ltr'><strong>coram</strong></span> <span class='ocrx_word' id='word_1_71' title='bbox 683 1773 749 1851; x_wconf 83' lang='lat' dir='ltr'><strong>me,</strong></span> <span class='ocrx_word' id='word_1_72' title='bbox 765 1780 800 1838; x_wconf 87' lang='lat' dir='ltr'><strong>et</strong></span> <span class='ocrx_word' id='word_1_73' title='bbox 817 1775 961 1859; x_wconf 87' lang='lat' dir='ltr'><strong>teipsum</strong></span> <span class='ocrx_word' id='word_1_74' title='bbox 976 1775 1053 1838; x_wconf 90' lang='lat' dir='ltr'><strong>novi</strong></span> <span class='ocrx_word' id='word_1_75' title='bbox 1069 1795 1111 1838; x_wconf 84' lang='lat' dir='ltr'><strong>ex</strong></span> <span class='ocrx_word' id='word_1_76' title='bbox 1125 1775 1278 1837; x_wconf 91' lang='lat' dir='ltr'><strong>nomine:</strong></span> 
     </span>
     <span class='ocr_line' id='line_1_11' title="bbox 113 1874 1276 1960; baseline 0.001 -22"><span class='ocrx_word' id='word_1_77' title='bbox 113 1895 215 1959; x_wconf 92' lang='lat' dir='ltr'><strong>quem</strong></span> <span class='ocrx_word' id='word_1_78' title='bbox 242 1877 276 1938; x_wconf 89' lang='lat' dir='ltr'><strong>et</strong></span> <span class='ocrx_word' id='word_1_79' title='bbox 299 1874 334 1937; x_wconf 94' lang='lat' dir='ltr'><strong>in</strong></span> <span class='ocrx_word' id='word_1_80' title='bbox 361 1875 485 1939; x_wconf 89' lang='lat' dir='ltr'><strong>montis</strong></span> <span class='ocrx_word' id='word_1_81' title='bbox 508 1875 598 1940; x_wconf 84' lang='lat' dir='ltr'><strong>Sinai</strong></span> <span class='ocrx_word' id='word_1_82' title='bbox 618 1898 775 1940; x_wconf 81' lang='lat' dir='ltr'>cacumen</span> <span class='ocrx_word' id='word_1_83' title='bbox 802 1876 972 1954; x_wconf 89' lang='lat' dir='ltr'><strong>induxisti,</strong></span> <span class='ocrx_word' id='word_1_84' title='bbox 996 1877 1053 1941; x_wconf 93' lang='lat' dir='ltr'><strong>ubi</strong></span> <span class='ocrx_word' id='word_1_85' title='bbox 1079 1877 1110 1940; x_wconf 91' lang='lat' dir='ltr'><strong>ei</strong></span> <span class='ocrx_word' id='word_1_86' title='bbox 1136 1877 1171 1940; x_wconf 93' lang='lat' dir='ltr'><strong>in</strong></span> <span class='ocrx_word' id='word_1_87' title='bbox 1197 1897 1276 1960; x_wconf 83' lang='lat' dir='ltr'><strong>prae-</strong></span> 
     </span>
     <span class='ocr_line' id='line_1_12' title="bbox 112 1975 1279 2061; baseline 0.001 -21"><span class='ocrx_word' id='word_1_88' title='bbox 112 1975 350 2061; x_wconf 81' lang='lat' dir='ltr'><strong>figurationem</strong></span> <span class='ocrx_word' id='word_1_89' title='bbox 360 1984 480 2041; x_wconf 83' lang='lat' dir='ltr'><strong>sanctae</strong></span> <span class='ocrx_word' id='word_1_90' title='bbox 491 1976 646 2055; x_wconf 86' lang='lat' dir='ltr'><strong>ecclesiae,</strong></span> <span class='ocrx_word' id='word_1_91' title='bbox 656 1978 839 2042; x_wconf 87' lang='lat' dir='ltr'><strong>fabricandi</strong></span> <span class='ocrx_word' id='word_1_92' title='bbox 852 1978 1058 2044; x_wconf 78' lang='lat' dir='ltr'><strong>tabernaculi</strong></span> <span class='ocrx_word' id='word_1_93' title='bbox 1069 1983 1279 2042; x_wconf 70' lang='lat' dir='ltr'><strong>sacramenia</strong></span> 
     </span>
     <span class='ocr_line' id='line_1_13' title="bbox 114 2077 1279 2166; baseline 0 -23"><span class='ocrx_word' id='word_1_94' title='bbox 114 2077 304 2156; x_wconf 75' lang='lat' dir='ltr'><strong>ostendisti,</strong></span> <span class='ocrx_word' id='word_1_95' title='bbox 320 2079 373 2143; x_wconf 85' lang='lat' dir='ltr'><strong>oui</strong></span> <span class='ocrx_word' id='word_1_96' title='bbox 389 2079 490 2144; x_wconf 89' lang='lat' dir='ltr'><strong>etiam</strong></span> <span class='ocrx_word' id='word_1_97' title='bbox 511 2079 594 2145; x_wconf 89' lang='lat' dir='ltr'><strong>duas</strong></span> <span class='ocrx_word' id='word_1_98' title='bbox 614 2080 747 2146; x_wconf 89' lang='lat' dir='ltr'><strong>tabulas</strong></span> <span class='ocrx_word' id='word_1_99' title='bbox 762 2081 912 2165; x_wconf 89' lang='lat' dir='ltr'><strong>lapideas</strong></span> <span class='ocrx_word' id='word_1_100' title='bbox 934 2081 1039 2166; x_wconf 84' lang='lat' dir='ltr'><strong>digito</strong></span> <span class='ocrx_word' id='word_1_101' title='bbox 1054 2085 1112 2144; x_wconf 90' lang='lat' dir='ltr'><strong>tuo</strong></span> <span class='ocrx_word' id='word_1_102' title='bbox 1136 2081 1279 2164; x_wconf 87' lang='lat' dir='ltr'><strong>scriptas</strong></span> 
     </span>
     <span class='ocr_line' id='line_1_14' title="bbox 114 2181 1278 2268; baseline -0.001 -22"><span class='ocrx_word' id='word_1_103' title='bbox 114 2182 298 2260; x_wconf 87' lang='lat' dir='ltr'><strong>tradidisti,</strong></span> <span class='ocrx_word' id='word_1_104' title='bbox 320 2203 462 2266; x_wconf 85' lang='lat' dir='ltr'><strong>quarum</strong></span> <span class='ocrx_word' id='word_1_105' title='bbox 486 2205 554 2247; x_wconf 89' lang='lat' dir='ltr'><strong>una</strong></span> <span class='ocrx_word' id='word_1_106' title='bbox 580 2184 647 2248; x_wconf 88' lang='lat' dir='ltr'><strong>tria</strong></span> <span class='ocrx_word' id='word_1_107' title='bbox 673 2189 847 2268; x_wconf 88' lang='lat' dir='ltr'><strong>praecepta,</strong></span> <span class='ocrx_word' id='word_1_108' title='bbox 870 2206 941 2268; x_wconf 86' lang='lat' dir='ltr'><strong>quac</strong></span> <span class='ocrx_word' id='word_1_109' title='bbox 968 2181 1011 2246; x_wconf 89' lang='lat' dir='ltr'><strong>ad</strong></span> <span class='ocrx_word' id='word_1_110' title='bbox 1036 2183 1134 2246; x_wconf 92' lang='lat' dir='ltr'><strong>fidem</strong></span> <span class='ocrx_word' id='word_1_111' title='bbox 1157 2185 1278 2245; x_wconf 85' lang='lat' dir='ltr'><strong>sanctae</strong></span> 
     </span>
     <span class='ocr_line' id='line_1_15' title="bbox 117 2284 1277 2370; baseline -0.001 -21"><span class='ocrx_word' id='word_1_112' title='bbox 117 2284 297 2349; x_wconf 82' lang='lat' dir='ltr'><strong>Trinitatis</strong></span> <span class='ocrx_word' id='word_1_113' title='bbox 309 2308 322 2363; x_wconf 87' lang='grc' dir='ltr'><strong>;Ι</strong></span> <span class='ocrx_word' id='word_1_114' title='bbox 350 2285 459 2350; x_wconf 90' lang='lat' dir='ltr'><strong>altera</strong></span> <span class='ocrx_word' id='word_1_115' title='bbox 488 2291 626 2370; x_wconf 88' lang='lat' dir='ltr'><strong>septem,</strong></span> <span class='ocrx_word' id='word_1_116' title='bbox 654 2307 724 2370; x_wconf 85' lang='lat' dir='ltr'><strong>quae</strong></span> <span class='ocrx_word' id='word_1_117' title='bbox 755 2287 797 2350; x_wconf 91' lang='lat' dir='ltr'><strong>ad</strong></span> <span class='ocrx_word' id='word_1_118' title='bbox 824 2285 1009 2350; x_wconf 88' lang='lat' dir='ltr'><strong>custodiam</strong></span> <span class='ocrx_word' id='word_1_119' title='bbox 1040 2284 1277 2349; x_wconf 87' lang='lat' dir='ltr'><strong>constituendae</strong></span> 
     </span>
     <span class='ocr_line' id='line_1_16' title="bbox 117 2386 1280 2473; baseline 0.001 -24"><span class='ocrx_word' id='word_1_120' title='bbox 117 2387 207 2473; x_wconf 83' lang='lat' dir='ltr'><strong>legis</strong></span> <span class='ocrx_word' id='word_1_121' title='bbox 242 2388 462 2473; x_wconf 84' lang='lat' dir='ltr'><strong>pertinebant,</strong></span> <span class='ocrx_word' id='word_1_122' title='bbox 495 2389 662 2453; x_wconf 89' lang='lat' dir='ltr'><strong>habebat:</strong></span> <span class='ocrx_word' id='word_1_123' title='bbox 699 2389 809 2453; x_wconf 88' lang='lat' dir='ltr'><strong>beatis</strong></span> <span class='ocrx_word' id='word_1_124' title='bbox 842 2388 1004 2473; x_wconf 89' lang='lat' dir='ltr'><strong>apostolis</strong></span> <span class='ocrx_word' id='word_1_125' title='bbox 1037 2387 1106 2451; x_wconf 85' lang='lat' dir='ltr'><strong>tuis</strong></span> <span class='ocrx_word' id='word_1_126' title='bbox 1138 2386 1280 2451; x_wconf 87' lang='lat' dir='ltr'><strong>interce-</strong></span> 
     </span>
     <span class='ocr_line' id='line_1_17' title="bbox 117 2488 1279 2576; baseline 0.001 -24"><span class='ocrx_word' id='word_1_127' title='bbox 117 2489 286 2566; x_wconf 89' lang='lat' dir='ltr'><strong>dentibus,</strong></span> <span class='ocrx_word' id='word_1_128' title='bbox 302 2489 422 2554; x_wconf 88' lang='lat' dir='ltr'><strong>exaudi</strong></span> <span class='ocrx_word' id='word_1_129' title='bbox 436 2493 515 2554; x_wconf 85' lang='lat' dir='ltr'><strong>vota</strong></span> <span class='ocrx_word' id='word_1_130' title='bbox 534 2491 699 2554; x_wconf 89' lang='lat' dir='ltr'><strong>orantium</strong></span> <span class='ocrx_word' id='word_1_131' title='bbox 715 2511 813 2576; x_wconf 90' lang='lat' dir='ltr'><strong>super</strong></span> <span class='ocrx_word' id='word_1_132' title='bbox 835 2491 897 2555; x_wconf 88' lang='lat' dir='ltr'><strong>hoc</strong></span> <span class='ocrx_word' id='word_1_133' title='bbox 912 2491 1150 2575; x_wconf 88' lang='lat' dir='ltr'><strong>pavimentum,</strong></span> <span class='ocrx_word' id='word_1_134' title='bbox 1164 2488 1200 2550; x_wconf 91' lang='lat' dir='ltr'><strong>in</strong></span> <span class='ocrx_word' id='word_1_135' title='bbox 1214 2510 1279 2573; x_wconf 91' lang='lat' dir='ltr'><strong>quo</strong></span> 
     </span>
     <span class='ocr_line' id='line_1_18' title="bbox 119 2591 1282 2658; baseline 0 -2"><span class='ocrx_word' id='word_1_136' title='bbox 119 2592 163 2656; x_wconf 86' lang='lat' dir='ltr'><strong>ad</strong></span> <span class='ocrx_word' id='word_1_137' title='bbox 178 2593 437 2656; x_wconf 89' lang='lat' dir='ltr'><strong>instrumentum</strong></span> <span class='ocrx_word' id='word_1_138' title='bbox 451 2591 528 2654; x_wconf 92' lang='lat' dir='ltr'><strong>fidei</strong></span> <span class='ocrx_word' id='word_1_139' title='bbox 543 2591 678 2656; x_wconf 90' lang='lat' dir='ltr'><strong>illarum</strong></span> <span class='ocrx_word' id='word_1_140' title='bbox 698 2592 884 2657; x_wconf 87' lang='lat' dir='ltr'><strong>divinarum</strong></span> <span class='ocrx_word' id='word_1_141' title='bbox 899 2597 1086 2658; x_wconf 86' lang='lat' dir='ltr'><strong>caracteres</strong></span> <span class='ocrx_word' id='word_1_142' title='bbox 1107 2592 1282 2656; x_wconf 88' lang='lat' dir='ltr'><strong>literarum</strong></span> 
     </span>
     <span class='ocr_line' id='line_1_19' title="bbox 119 2693 1283 2784; baseline 0 -24"><span class='ocrx_word' id='word_1_143' title='bbox 119 2715 143 2760; x_wconf 84' lang='lat' dir='ltr'><strong>a</strong></span> <span class='ocrx_word' id='word_1_144' title='bbox 156 2693 288 2757; x_wconf 90' lang='lat' dir='ltr'><strong>duobus</strong></span> <span class='ocrx_word' id='word_1_145' title='bbox 303 2693 435 2778; x_wconf 86' lang='lat' dir='ltr'><strong>angulis</strong></span> <span class='ocrx_word' id='word_1_146' title='bbox 450 2693 551 2784; x_wconf 88' lang='lat' dir='ltr'><strong>hujus</strong></span> <span class='ocrx_word' id='word_1_147' title='bbox 566 2695 683 2758; x_wconf 89' lang='lat' dir='ltr'><strong>domus</strong></span> <span class='ocrx_word' id='word_1_148' title='bbox 699 2715 803 2779; x_wconf 90' lang='lat' dir='ltr'><strong>usque</strong></span> <span class='ocrx_word' id='word_1_149' title='bbox 819 2695 853 2758; x_wconf 94' lang='lat' dir='ltr'><strong>in</strong></span> <span class='ocrx_word' id='word_1_150' title='bbox 869 2695 953 2759; x_wconf 88' lang='lat' dir='ltr'><strong>alios</strong></span> <span class='ocrx_word' id='word_1_151' title='bbox 975 2696 1058 2759; x_wconf 90' lang='lat' dir='ltr'><strong>duos</strong></span> <span class='ocrx_word' id='word_1_152' title='bbox 1073 2695 1283 2779; x_wconf 86' lang='lat' dir='ltr'><strong>depinximus</strong></span> 
     </span>
     <span class='ocr_line' id='line_1_20' title="bbox 119 2795 1281 2882; baseline -0.001 -21"><span class='ocrx_word' id='word_1_153' title='bbox 119 2795 281 2882; x_wconf 79' lang='lat' dir='ltr'><strong>angulos3</strong></span> <span class='ocrx_word' id='word_1_154' title='bbox 305 2802 340 2860; x_wconf 90' lang='lat' dir='ltr'><strong>et</strong></span> <span class='ocrx_word' id='word_1_155' title='bbox 354 2796 456 2875; x_wconf 89' lang='lat' dir='ltr'><strong>verba</strong></span> <span class='ocrx_word' id='word_1_156' title='bbox 469 2796 555 2881; x_wconf 83' lang='lat' dir='ltr'><strong>legis</strong></span> <span class='ocrx_word' id='word_1_157' title='bbox 571 2802 635 2860; x_wconf 84' lang='lat' dir='ltr'><strong>tuae</strong></span> <span class='ocrx_word' id='word_1_158' title='bbox 649 2797 685 2860; x_wconf 92' lang='lat' dir='ltr'><strong>in</strong></span> <span class='ocrx_word' id='word_1_159' title='bbox 708 2797 832 2861; x_wconf 88' lang='lat' dir='ltr'><strong>tabulis</strong></span> <span class='ocrx_word' id='word_1_160' title='bbox 848 2798 994 2861; x_wconf 90' lang='lat' dir='ltr'><strong>cordium</strong></span> <span class='ocrx_word' id='word_1_161' title='bbox 1011 2818 1136 2874; x_wconf 88' lang='lat' dir='ltr'><strong>eorum,</strong></span> <span class='ocrx_word' id='word_1_162' title='bbox 1152 2798 1281 2861; x_wconf 88' lang='lat' dir='ltr'><strong>miseri-</strong></span> 
     </span>
     <span class='ocr_line' id='line_1_21' title="bbox 120 2897 1282 2983; baseline 0.001 -21"><span class='ocrx_word' id='word_1_163' title='bbox 120 2898 241 2963; x_wconf 85' lang='lat' dir='ltr'><strong>cordiae</strong></span> <span class='ocrx_word' id='word_1_164' title='bbox 256 2902 322 2962; x_wconf 87' lang='lat' dir='ltr'><strong>tuae</strong></span> <span class='ocrx_word' id='word_1_165' title='bbox 337 2897 441 2983; x_wconf 82' lang='lat' dir='ltr'><strong>digito</strong></span> <span class='ocrx_word' id='word_1_166' title='bbox 458 2899 564 2962; x_wconf 89' lang='lat' dir='ltr'><strong>scribe</strong></span> <span class='ocrx_word' id='word_1_167' title='bbox 578 2923 586 2975; x_wconf 93' lang='lat'>;</span> <span class='ocrx_word' id='word_1_168' title='bbox 613 2899 631 2980; x_wconf 91' lang='lat'><em>†</em></span> <span class='ocrx_word' id='word_1_169' title='bbox 648 2904 770 2982; x_wconf 85' lang='lat' dir='ltr'><strong>praesta</strong></span> <span class='ocrx_word' id='word_1_170' title='bbox 784 2920 923 2983; x_wconf 93' lang='lat' dir='ltr'><strong>quoque,</strong></span> <span class='ocrx_word' id='word_1_171' title='bbox 940 2904 977 2962; x_wconf 90' lang='lat' dir='ltr'><strong>ut</strong></span> <span class='ocrx_word' id='word_1_172' title='bbox 998 2899 1153 2982; x_wconf 88' lang='lat' dir='ltr'><strong>quicquid</strong></span> <span class='ocrx_word' id='word_1_173' title='bbox 1169 2921 1210 2962; x_wconf 91' lang='lat' dir='ltr'><strong>ex</strong></span> <span class='ocrx_word' id='word_1_174' title='bbox 1225 2916 1282 2964; x_wconf 90' lang='lat' dir='ltr'><strong>ore</strong></span> 
     </span>
     <span class='ocr_line' id='line_1_22' title="bbox 120 3001 1283 3089; baseline 0.003 -25"><span class='ocrx_word' id='word_1_175' title='bbox 120 3001 324 3065; x_wconf 86' lang='lat' dir='ltr'><strong>humilitatis</strong></span> <span class='ocrx_word' id='word_1_176' title='bbox 350 3006 470 3064; x_wconf 84' lang='lat' dir='ltr'><strong>nostrae</strong></span> <span class='ocrx_word' id='word_1_177' title='bbox 496 3001 681 3065; x_wconf 84' lang='lat' dir='ltr'><strong>faciendum</strong></span> <span class='ocrx_word' id='word_1_178' title='bbox 708 3002 891 3080; x_wconf 88' lang='lat' dir='ltr'><strong>didicerint,</strong></span> <span class='ocrx_word' id='word_1_179' title='bbox 914 3003 977 3066; x_wconf 87' lang='lat' dir='ltr'><strong>hoc</strong></span> <span class='ocrx_word' id='word_1_180' title='bbox 1001 3003 1112 3066; x_wconf 85' lang='lat' dir='ltr'><strong>facere</strong></span> <span class='ocrx_word' id='word_1_181' title='bbox 1138 3003 1283 3089; x_wconf 90' lang='lat' dir='ltr'><strong>cupiant,</strong></span> 
     </span>
     <span class='ocr_line' id='line_1_23' title="bbox 123 3102 1286 3188; baseline 0 -20"><span class='ocrx_word' id='word_1_182' title='bbox 123 3104 239 3187; x_wconf 89' lang='lat' dir='ltr'><strong>sicque</strong></span> <span class='ocrx_word' id='word_1_183' title='bbox 262 3102 388 3180; x_wconf 89' lang='lat' dir='ltr'><strong>vivant,</strong></span> <span class='ocrx_word' id='word_1_184' title='bbox 411 3108 450 3168; x_wconf 91' lang='lat' dir='ltr'><strong>ut</strong></span> <span class='ocrx_word' id='word_1_185' title='bbox 470 3103 550 3168; x_wconf 88' lang='lat' dir='ltr'><strong>illuc</strong></span> <span class='ocrx_word' id='word_1_186' title='bbox 573 3104 744 3188; x_wconf 87' lang='lat' dir='ltr'><strong>pervenire</strong></span> <span class='ocrx_word' id='word_1_187' title='bbox 767 3104 911 3180; x_wconf 83' lang='lat' dir='ltr'><strong>valeant,</strong></span> <span class='ocrx_word' id='word_1_188' title='bbox 934 3105 991 3169; x_wconf 92' lang='lat' dir='ltr'><strong>ubi</strong></span> <span class='ocrx_word' id='word_1_189' title='bbox 1011 3105 1146 3170; x_wconf 89' lang='lat' dir='ltr'><strong>nomina</strong></span> <span class='ocrx_word' id='word_1_190' title='bbox 1168 3126 1230 3169; x_wconf 93' lang='lat' dir='ltr'><strong>sua</strong></span> <span class='ocrx_word' id='word_1_191' title='bbox 1250 3105 1286 3168; x_wconf 90' lang='lat' dir='ltr'><strong>in</strong></span> 
     </span>
     <span class='ocr_line' id='line_1_24' title="bbox 120 3205 1284 3290; baseline 0.003 -22"><span class='ocrx_word' id='word_1_192' title='bbox 120 3205 207 3270; x_wconf 87' lang='lat' dir='ltr'><strong>libro</strong></span> <span class='ocrx_word' id='word_1_193' title='bbox 223 3205 300 3268; x_wconf 85' lang='lat' dir='ltr'><strong>vitae</strong></span> <span class='ocrx_word' id='word_1_194' title='bbox 315 3211 443 3269; x_wconf 84' lang='lat' dir='ltr'><strong>aeternae</strong></span> <span class='ocrx_word' id='word_1_195' title='bbox 456 3206 580 3290; x_wconf 87' lang='lat' dir='ltr'><strong>scripta</strong></span> <span class='ocrx_word' id='word_1_196' title='bbox 596 3227 668 3269; x_wconf 90' lang='lat' dir='ltr'><strong>esse</strong></span> <span class='ocrx_word' id='word_1_197' title='bbox 683 3206 896 3290; x_wconf 84' lang='lat' dir='ltr'><strong>gratulentur</strong></span> <span class='ocrx_word' id='word_1_198' title='bbox 910 3226 970 3290; x_wconf 89' lang='lat' dir='ltr'><strong>per</strong></span> <span class='ocrx_word' id='word_1_199' title='bbox 986 3206 1115 3271; x_wconf 88' lang='lat' dir='ltr'><strong>saecula.</strong></span> <span class='ocrx_word' id='word_1_200' title='bbox 1160 3208 1225 3272; x_wconf 90' lang='lat' dir='ltr'><strong>Per</strong></span> <span class='ocrx_word' id='word_1_201' title='bbox 1239 3211 1284 3285; x_wconf 90' lang='lat' dir='ltr'><strong>te,</strong></span> 
     </span>
     <span class='ocr_line' id='line_1_25' title="bbox 117 3305 1284 3393; baseline 0.003 -22"><span class='ocrx_word' id='word_1_202' title='bbox 117 3306 205 3371; x_wconf 84' lang='lat' dir='ltr'><strong>Jesu</strong></span> <span class='ocrx_word' id='word_1_203' title='bbox 221 3305 364 3382; x_wconf 80' lang='lat' dir='ltr'><strong>Christe,</strong></span> <span class='ocrx_word' id='word_1_204' title='bbox 381 3307 433 3372; x_wconf 91' lang='lat' dir='ltr'><strong>cui</strong></span> <span class='ocrx_word' id='word_1_205' title='bbox 454 3315 528 3372; x_wconf 82' lang='lat' dir='ltr'><strong>cuin</strong></span> <span class='ocrx_word' id='word_1_206' title='bbox 549 3314 670 3372; x_wconf 84' lang='lat' dir='ltr'><strong>aeterno</strong></span> <span class='ocrx_word' id='word_1_207' title='bbox 693 3309 794 3373; x_wconf 91' lang='lat' dir='ltr'><strong>Patre</strong></span> <span class='ocrx_word' id='word_1_208' title='bbox 819 3308 1004 3392; x_wconf 83' lang='lat' dir='ltr'><strong>Sancteque</strong></span> <span class='ocrx_word' id='word_1_209' title='bbox 1029 3309 1154 3393; x_wconf 86' lang='lat' dir='ltr'><strong>Spiritu</strong></span> <span class='ocrx_word' id='word_1_210' title='bbox 1170 3317 1284 3375; x_wconf 89' lang='lat' dir='ltr'><strong>manet</strong></span> 
     </span>
     <span class='ocr_line' id='line_1_26' title="bbox 118 3409 1068 3495; baseline 0.002 -21"><span class='ocrx_word' id='word_1_211' title='bbox 118 3410 229 3475; x_wconf 89' lang='lat' dir='ltr'><strong>honor</strong></span> <span class='ocrx_word' id='word_1_212' title='bbox 244 3413 280 3474; x_wconf 89' lang='lat' dir='ltr'><strong>et</strong></span> <span class='ocrx_word' id='word_1_213' title='bbox 294 3409 501 3495; x_wconf 89' lang='lat' dir='ltr'><strong>perpetuitas</strong></span> <span class='ocrx_word' id='word_1_214' title='bbox 517 3409 552 3472; x_wconf 94' lang='lat' dir='ltr'><strong>in</strong></span> <span class='ocrx_word' id='word_1_215' title='bbox 568 3411 762 3474; x_wconf 84' lang='lat' dir='ltr'><strong>saeculorum</strong></span> <span class='ocrx_word' id='word_1_216' title='bbox 778 3411 906 3475; x_wconf 86' lang='lat' dir='ltr'><strong>saecula.</strong></span> <span class='ocrx_word' id='word_1_217' title='bbox 950 3412 1068 3476; x_wconf 82' lang='lat' dir='ltr'><strong>Amen.</strong></span> 
     </span>
    </p>

    <p class='ocr_par' dir='ltr' id='par_1_9' title="bbox 162 3511 687 3570">
     <span class='ocr_line' id='line_1_27' title="bbox 162 3511 687 3570; baseline 0 0"><span class='ocrx_word' id='word_1_218' title='bbox 162 3511 279 3570; x_wconf 77' lang='lat' dir='ltr'><strong>Deinde</strong></span> <span class='ocrx_word' id='word_1_219' title='bbox 292 3511 403 3569; x_wconf 80' lang='lat' dir='ltr'><strong>veniens</strong></span> <span class='ocrx_word' id='word_1_220' title='bbox 417 3519 482 3568; x_wconf 82' lang='lat' dir='ltr'><strong>uate</strong></span> <span class='ocrx_word' id='word_1_221' title='bbox 496 3511 586 3568; x_wconf 82' lang='lat' dir='ltr'><strong>altore</strong></span> <span class='ocrx_word' id='word_1_222' title='bbox 600 3512 687 3570; x_wconf 79' lang='lat' dir='ltr'><strong>dicat.</strong></span> 
     </span>
    </p>
   </div>
   <div class='ocr_carea' id='block_1_6' title="bbox 122 3607 1288 4082">
    <p class='ocr_par' dir='ltr' id='par_1_10' title="bbox 122 3607 1286 3775">
     <span class='ocr_line' id='line_1_28' title="bbox 164 3607 1286 3695; baseline 0.004 -22"><span class='ocrx_word' id='word_1_223' title='bbox 164 3607 259 3673; x_wconf 89' lang='lat' dir='ltr'><strong>Deus</strong></span> <span class='ocrx_word' id='word_1_224' title='bbox 274 3607 309 3671; x_wconf 93' lang='lat' dir='ltr'><strong>in</strong></span> <span class='ocrx_word' id='word_1_225' title='bbox 324 3607 528 3692; x_wconf 89' lang='lat' dir='ltr'><strong>adjutorium</strong></span> <span class='ocrx_word' id='word_1_226' title='bbox 543 3631 652 3673; x_wconf 93' lang='lat' dir='ltr'><strong>meum</strong></span> <span class='ocrx_word' id='word_1_227' title='bbox 667 3610 824 3689; x_wconf 89' lang='lat' dir='ltr'><strong>intende;</strong></span> <span class='ocrx_word' id='word_1_228' title='bbox 847 3610 989 3683; x_wconf 89' lang='lat' dir='ltr'><strong>Domine</strong></span> <span class='ocrx_word' id='word_1_229' title='bbox 1005 3612 1047 3676; x_wconf 90' lang='lat' dir='ltr'><strong>ad</strong></span> <span class='ocrx_word' id='word_1_230' title='bbox 1063 3611 1286 3695; x_wconf 87' lang='lat' dir='ltr'><strong>adjuvandum</strong></span> 
     </span>
     <span class='ocr_line' id='line_1_29' title="bbox 122 3710 330 3775; baseline 0.005 -1"><span class='ocrx_word' id='word_1_231' title='bbox 122 3732 178 3774; x_wconf 93' lang='lat' dir='ltr'><strong>me</strong></span> <span class='ocrx_word' id='word_1_232' title='bbox 193 3710 330 3775; x_wconf 88' lang='lat' dir='ltr'><strong>festina.</strong></span> 
     </span>
    </p>

    <p class='ocr_par' dir='ltr' id='par_1_11' title="bbox 164 3811 1010 3891">
     <span class='ocr_line' id='line_1_30' title="bbox 164 3811 1010 3891; baseline 0.002 -21"><span class='ocrx_word' id='word_1_233' title='bbox 164 3811 271 3870; x_wconf 79' lang='lat' dir='ltr'><strong>Totam</strong></span> <span class='ocrx_word' id='word_1_234' title='bbox 285 3819 327 3870; x_wconf 84' lang='lat' dir='ltr'><strong>ter</strong></span> <span class='ocrx_word' id='word_1_235' title='bbox 339 3811 418 3870; x_wconf 81' lang='lat' dir='ltr'><strong>dicat</strong></span> <span class='ocrx_word' id='word_1_236' title='bbox 430 3813 551 3890; x_wconf 71' lang='lat' dir='ltr'><strong>stapulas</strong></span> <span class='ocrx_word' id='word_1_237' title='bbox 565 3813 681 3889; x_wconf 77' lang='lat' dir='ltr'><strong>uicibus,</strong></span> <span class='ocrx_word' id='word_1_238' title='bbox 695 3814 777 3873; x_wconf 84' lang='lat' dir='ltr'><strong>semel</strong></span> <span class='ocrx_word' id='word_1_239' title='bbox 789 3835 880 3891; x_wconf 77' lang='lat' dir='ltr'><strong>pertua</strong></span> <span class='ocrx_word' id='word_1_240' title='bbox 888 3815 1010 3890; x_wconf 81' lang='lat' dir='ltr'><strong>flectens.</strong></span> 
     </span>
    </p>

    <p class='ocr_par' dir='ltr' id='par_1_12' title="bbox 123 3905 1288 4082">
     <span class='ocr_line' id='line_1_31' title="bbox 165 3905 1288 3990; baseline 0.008 -26"><span class='ocrx_word' id='word_1_241' title='bbox 165 3905 255 3978; x_wconf 80' lang='lat' dir='ltr'><strong>Quem</strong></span> <span class='ocrx_word' id='word_1_242' title='bbox 275 3926 385 3965; x_wconf 82' lang='lat' dir='ltr'><strong>uersum</strong></span> <span class='ocrx_word' id='word_1_243' title='bbox 403 3915 465 3984; x_wconf 84' lang='lat' dir='ltr'><strong>post</strong></span> <span class='ocrx_word' id='word_1_244' title='bbox 484 3908 653 3986; x_wconf 82' lang='lat' dir='ltr'><strong>episcopum,</strong></span> <span class='ocrx_word' id='word_1_245' title='bbox 674 3910 762 3966; x_wconf 85' lang='lat' dir='ltr'><strong>clerus</strong></span> <span class='ocrx_word' id='word_1_246' title='bbox 781 3909 915 3967; x_wconf 78' lang='lat' dir='ltr'><strong>similiter</strong></span> <span class='ocrx_word' id='word_1_247' title='bbox 933 3916 974 3966; x_wconf 84' lang='lat' dir='ltr'><strong>ter</strong></span> <span class='ocrx_word' id='word_1_248' title='bbox 993 3908 1081 3984; x_wconf 81' lang='lat' dir='ltr'><strong>dicat,</strong></span> <span class='ocrx_word' id='word_1_249' title='bbox 1099 3910 1288 3990; x_wconf 63' lang='lat' dir='ltr'><strong>subjungendo</strong></span> 
     </span>
     <span class='ocr_line' id='line_1_32' title="bbox 123 4000 1149 4082; baseline 0.005 -20"><span class='ocrx_word' id='word_1_250' title='bbox 123 4000 230 4062; x_wconf 84' lang='lat' dir='ltr'><strong>Gloria</strong></span> <span class='ocrx_word' id='word_1_251' title='bbox 245 4001 331 4060; x_wconf 89' lang='lat' dir='ltr'><strong>Patri</strong></span> <span class='ocrx_word' id='word_1_252' title='bbox 345 4021 409 4060; x_wconf 83' lang='lat' dir='ltr'><strong>com</strong></span> <span class='ocrx_word' id='word_1_253' title='bbox 424 4002 504 4063; x_wconf 85' lang='lat' dir='ltr'><strong>Sicut</strong></span> <span class='ocrx_word' id='word_1_254' title='bbox 518 4011 590 4075; x_wconf 87' lang='lat' dir='ltr'><strong>erat,</strong></span> <span class='ocrx_word' id='word_1_255' title='bbox 607 4005 707 4081; x_wconf 76' lang='lat' dir='ltr'><strong>absque</strong></span> <span class='ocrx_word' id='word_1_256' title='bbox 721 4004 854 4082; x_wconf 79' lang='lat' dir='ltr'><strong>Alleluya</strong></span> <span class='ocrx_word' id='word_1_257' title='bbox 868 4005 910 4063; x_wconf 85' lang='lat' dir='ltr'><strong>cel</strong></span> <span class='ocrx_word' id='word_1_258' title='bbox 923 4005 1016 4082; x_wconf 84' lang='lat' dir='ltr'><strong>Kyrie</strong></span> <span class='ocrx_word' id='word_1_259' title='bbox 1030 4005 1149 4067; x_wconf 89' lang='lat' dir='ltr'><strong>eleison.</strong></span> 
     </span>
    </p>
   </div>
   <div class='ocr_carea' id='block_1_7' title="bbox 121 4126 1290 4372">
    <p class='ocr_par' dir='ltr' id='par_1_13' title="bbox 121 4126 1290 4372">
     <span class='ocr_line' id='line_1_33' title="bbox 121 4126 1290 4205; baseline 0.009 -25"><span class='ocrx_word' id='word_1_260' title='bbox 121 4128 141 4162; x_wconf 53' lang='grc' dir='ltr'><strong>ὕ</strong></span> <span class='ocrx_word' id='word_1_261' title='bbox 159 4127 218 4182; x_wconf 80' lang='lat' dir='ltr'><strong>The</strong></span> <span class='ocrx_word' id='word_1_262' title='bbox 230 4126 385 4196; x_wconf 84' lang='lat' dir='ltr'><strong>remainder</strong></span> <span class='ocrx_word' id='word_1_263' title='bbox 396 4128 427 4182; x_wconf 89' lang='lat' dir='ltr'><strong>of</strong></span> <span class='ocrx_word' id='word_1_264' title='bbox 440 4128 485 4184; x_wconf 85' lang='lat' dir='ltr'><strong>fol.</strong></span> <span class='ocrx_word' id='word_1_265' title='bbox 500 4129 578 4199; x_wconf 73' lang='lat'><strong>1721),</strong></span> <span class='ocrx_word' id='word_1_266' title='bbox 592 4130 677 4185; x_wconf 89' lang='lat' dir='ltr'><strong>about</strong></span> <span class='ocrx_word' id='word_1_267' title='bbox 693 4130 908 4201; x_wconf 77' lang='lat' dir='ltr'><strong>three-quartem</strong></span> <span class='ocrx_word' id='word_1_268' title='bbox 919 4130 950 4188; x_wconf 85' lang='lat' dir='ltr'><strong>of</strong></span> <span class='ocrx_word' id='word_1_269' title='bbox 961 4136 1067 4205; x_wconf 81' lang='lat' dir='ltr'><strong>apage,</strong></span> <span class='ocrx_word' id='word_1_270' title='bbox 1084 4133 1108 4190; x_wconf 91' lang='lat' dir='ltr'><strong>is</strong></span> <span class='ocrx_word' id='word_1_271' title='bbox 1121 4133 1170 4191; x_wconf 84' lang='lat' dir='ltr'><strong>left</strong></span> <span class='ocrx_word' id='word_1_272' title='bbox 1187 4135 1270 4192; x_wconf 85' lang='lat' dir='ltr'><strong>blank</strong></span> <span class='ocrx_word' id='word_1_273' title='bbox 1282 4155 1290 4203; x_wconf 79' lang='lat'>3</span> 
     </span>
     <span class='ocr_line' id='line_1_34' title="bbox 123 4215 810 4302; baseline 0.003 -32"><span class='ocrx_word' id='word_1_274' title='bbox 123 4217 172 4270; x_wconf 85' lang='lat' dir='ltr'><strong>the</strong></span> <span class='ocrx_word' id='word_1_275' title='bbox 185 4215 270 4270; x_wconf 84' lang='lat' dir='ltr'><strong>Latin</strong></span> <span class='ocrx_word' id='word_1_276' title='bbox 282 4215 414 4302; x_wconf 83' lang='lat' dir='ltr'><strong>alphabet</strong></span> <span class='ocrx_word' id='word_1_277' title='bbox 425 4221 474 4272; x_wconf 86' lang='lat' dir='ltr'><strong>not</strong></span> <span class='ocrx_word' id='word_1_278' title='bbox 486 4217 591 4290; x_wconf 83' lang='lat' dir='ltr'><strong>having</strong></span> <span class='ocrx_word' id='word_1_279' title='bbox 603 4218 671 4298; x_wconf 87' lang='lat' dir='ltr'><strong>been</strong></span> <span class='ocrx_word' id='word_1_280' title='bbox 684 4217 759 4274; x_wconf 91' lang='lat' dir='ltr'><strong>filled</strong></span> <span class='ocrx_word' id='word_1_281' title='bbox 771 4218 810 4273; x_wconf 92' lang='lat' dir='ltr'><strong>in.</strong></span> 
     </span>
     <span class='ocr_line' id='line_1_35' title="bbox 121 4301 357 4372; baseline 0.004 -17"><span class='ocrx_word' id='word_1_282' title='bbox 121 4302 141 4372; x_wconf 89' lang='lat'>†</span> <span class='ocrx_word' id='word_1_283' title='bbox 160 4301 215 4356; x_wconf 80' lang='lat' dir='ltr'><strong>MS</strong></span> <span class='ocrx_word' id='word_1_284' title='bbox 244 4301 357 4360; x_wconf 83' lang='lat' dir='ltr'><strong>ascribe.</strong></span> 
     </span>
    </p>
   </div>
   <div class='ocr_carea' id='block_1_8' title="bbox 0 0 1487 4996">
    <p class='ocr_par' dir='ltr' id='par_1_14' title="bbox 0 0 1487 4996">
     <span class='ocr_line' id='line_1_36' title="bbox 0 0 1487 4996; baseline 0 0"><span class='ocrx_word' id='word_1_285' title='bbox 0 0 1487 4996; x_wconf 95' lang='lat' dir='ltr'><strong> </strong></span> 
     </span>
    </p>
   </div>
  </div>
 </body>
</html>
