2940 4996
424 417 642 482 Consecrctio
658 420 786 483 altaris
803 424 874 484 aine
891 420 1060 484 Ecclesia.
1253 414 1326 479 107·

161 614 338 698 spirituum
354 619 595 687 immundorum
612 627 655 690 ab
676 647 716 690 ea
730 626 866 690 recedat
887 627 1054 702 incursio;
1078 629 1117 689 ut
1131 622 1317 706 ubicunque

158 722 258 790 fuerit
273 727 308 790 in
324 729 456 792 nomine
471 734 530 792 tuo
541 749 689 812 aspersa,
702 729 814 814 gratia
825 733 889 793 tuae
901 727 1142 794 benedictionis
1157 725 1313 790 adveniat

159 830 192 889 et
214 829 326 893 omnia
347 830 438 895 mala
459 835 493 895 te
516 830 718 916 propitiante
740 830 856 917 procul
878 831 1045 897 recedant
1090 831 1155 894 Per
1177 828 1316 892 eundem

162 926 351 995 Dominum.
376 932 380 938 ’

202 1032 405 1100 Benedictio
420 1039 545 1100 cineris

202 1155 279 1198 cum
294 1135 456 1202 Dominus
471 1139 650 1204 vobiscum.

202 1238 355 1304 Oramus.
448 1306 454 1317 ,

202 1341 424 1427 Omnipotens
440 1345 642 1429 sempiterne
657 1344 759 1420 Deus,
771 1365 871 1429 parce
886 1344 1123 1418 metuentibus,
1135 1340 1317 1424 propitiare

163 1443 439 1529 supplicantibus,
456 1451 491 1510 et
514 1447 648 1512 mittere
663 1447 802 1532 dignare
819 1452 968 1511 sanctum
990 1444 1145 1530 angelum
1160 1449 1256 1507 tuum
1278 1442 1318 1506 de

164 1545 264 1622 coelis,
293 1546 350 1628 qui
376 1546 585 1620 beneffldicat
611 1554 645 1614 et
672 1549 892 1624 sanctifi-ficet
921 1549 1050 1612 cineres
1076 1546 1160 1611 istos
1186 1550 1225 1609 ut
1252 1545 1319 1608 sint

162 1647 344 1711 remedium
368 1648 516 1714 salutare
540 1651 691 1714 omnibus
714 1671 833 1715 nomen
857 1655 952 1714 tuum
975 1654 1126 1714 sanctum
1148 1646 1322 1711 humiliter

162 1749 397 1815 invocantibus
413 1772 451 1816 ac
468 1753 666 1838 semetipsos
680 1774 740 1837 pro
753 1752 957 1817 conscientia
972 1751 1169 1817 delictorum
1185 1771 1321 1814 suorum

162 1853 409 1929 accusantibus,
421 1858 521 1938 atque
533 1855 568 1918 in
581 1860 761 1939 conspectu
772 1854 890 1919 divinae
901 1853 1085 1918 clementiae
1097 1859 1161 1918 tnae
1172 1853 1323 1917 facinora

160 1974 222 2018 sua
236 1954 500 2039 deplorantibus,
512 1956 567 2020 vel
583 1957 831 2021 serenissimam
845 1956 1005 2041 pietatem
1017 1960 1111 2020 tuam
1127 1954 1323 2038 suppliciter

160 2057 350 2140 obnixeque
375 2057 625 2142 flagitantibus3
656 2064 693 2123 11
718 2063 841 2142 praesta
866 2079 927 2142 per
955 2058 1198 2122 invocationem
1227 2078 1321 2133 sanc·

158 2159 286 2224 tissimi
301 2159 445 2223 nominis
459 2160 520 2236 tui,
536 2164 575 2224 ut
589 2161 776 2244 quicunque
792 2181 849 2224 eos
872 2180 973 2244 super
988 2180 1023 2223 se
1039 2159 1245 2244 asperserint
1259 2181 1320 2242 pro

157 2262 389 2344 redemptione
405 2267 626 2345 peccatorum,
639 2264 787 2349 corporis
802 2265 981 2329 sanitatem
993 2267 1028 2327 11
1044 2263 1160 2329 animae
1176 2262 1319 2328 tutelam

159 2366 362 2451 percipiant.
406 2367 471 2430 Per
486 2366 675 2433 Dominum.

202 2469 284 2527 Tunc
303 2467 475 2527 misceantur
493 2471 538 2527 sal
551 2479 576 2529 et
589 2472 671 2542 cinis,
685 2478 709 2528 et
725 2469 852 2548 pontisera
873 2477 914 2528 ter
919 2469 1016 2545 faciet
1036 2463 1225 2528 indecentem
1238 2489 1321 2548 super

160 2585 270 2641 aquarn
283 2565 385 2623 dicens.
438 2585 441 2588 ’

206 2660 289 2724 Haec
315 2659 507 2725 commixtio
535 2659 617 2725 salis
643 2666 678 2724 et
702 2661 824 2724 cineris
850 2681 925 2723 cnm
951 2681 1038 2743 aqua
1063 2661 1248 2737 benedicta,
1276 2661 1323 2725 sit

162 2761 409 2834 sanetifflfieata
438 2763 479 2828 ad
506 2763 788 2828 consecrationem
814 2762 915 2846 hujus
945 2761 1074 2828 altaris.
1119 2763 1160 2827 In
1188 2763 1322 2828 nomine

161 2865 317 2952 Paffitris
334 2870 369 2930 et
384 2863 496 2937 Fiffllii
512 2869 547 2929 11
564 2864 708 2950 Spiritus
724 2860 760 2934 *1⁴
775 2865 900 2939 Sancti.
945 2866 1061 2930 Amen.

208 2969 382 3050 Sequitur.
427 2967 589 3031 Dominus
604 2968 784 3032 vobiscum.
829 2968 980 3032 Oremus.

224 3072 356 3136 Oratio.
415 3069 517 3148 Deus,
546 3070 676 3136 invictae
708 3071 843 3135 virtutis
873 3075 991 3135 auctor
1024 3075 1058 3135 et
1087 3071 1322 3155 insuperabilis
1416 3091 1418 3093 ’

162 3172 295 3256 imperii
316 3193 377 3235 rex
399 3194 438 3237 ac
465 3193 596 3257 semper
617 3173 813 3257 magnificus
838 3175 1073 3258 triumphator,
1097 3175 1154 3257 qui
1176 3174 1322 3238 adversae

163 3275 401 3340 dominationis
426 3276 514 3339 vires
540 3276 706 3359 reprimis,
732 3277 789 3360 qui
819 3277 943 3341 inimici
973 3277 1138 3361 rugientis
1161 3277 1321 3341 saevitiam

165 3398 316 3464 superas,
329 3378 386 3461 qui
397 3377 539 3442 hostiles
551 3378 717 3462 nequitias
728 3384 884 3464 potenter
896 3400 1069 3464 expugnas
1079 3402 1088 3455 ;
1111 3383 1157 3454 te,
1169 3378 1321 3454 Domine,

163 3488 346 3549 trementes
370 3488 403 3548 et
419 3482 585 3567 supplices
608 3483 826 3568 deprecamur
846 3505 885 3548 ac
907 3483 1062 3567 petimus,
1078 3487 1117 3547 ut
1132 3482 1217 3547 banc
1232 3502 1322 3546 crea·

163 3592 273 3652 turam
298 3586 380 3651 salis
404 3590 440 3650 et
463 3606 556 3668 aquae
579 3590 614 3650 et
638 3586 758 3651 cineris
781 3587 960 3671 dignanter
982 3586 1135 3672 accipias,
1158 3585 1323 3670 benignus

163 3690 327 3766 illustres,
340 3687 478 3772 pietatis
494 3693 559 3752 tuae
574 3710 665 3752 more
683 3691 701 3728 *
720 3688 953 3764 sanctifflfices,
966 3694 1004 3754 ut
1019 3690 1206 3771 ubicunqne
1221 3688 1324 3752 fuerit

167 3813 307 3878 aspersa
332 3812 393 3874 per
422 3790 665 3854 invocationem
693 3791 800 3855 sancti
830 3791 974 3854 nominis
1001 3791 1061 3867 tui,
1087 3789 1195 3854 omnis
1222 3790 1322 3855 infes-

165 3895 251 3959 tatio
267 3893 429 3956 immundi
442 3892 579 3977 spiritus
595 3893 782 3975 abjiciatur,
795 3897 970 3976 terrorque
984 3893 1141 3956 venenosi
1157 3893 1323 3977 serpentis

166 3995 280 4080 procul
307 3994 465 4078 pellatur,
488 3999 522 4060 11
544 3995 722 4078 praesentia
749 3995 861 4060 Sancti
890 3994 1033 4079 Spiritus
1060 3995 1322 4060 misericordiam

166 4104 259 4162 tuam
285 4096 499 4180 poscentibus
526 4096 648 4180 ubique
679 4097 797 4162 adesse
828 4098 993 4182 dignetur.
1026 4098 1109 4162 -Per
1134 4097 1322 4163 Dominum.

167 4200 205 4263 In
223 4199 353 4265 unitate
369 4199 528 4283 ejusdem.
948 4207 949 4210 ’

168 4417 185 4450 ¹*
203 4417 243 4472 sic
256 4415 313 4470 MS.

258 4505 320 4566 13*
