2940 4996
563 424 606 486 Ia
626 423 729 488 Ooaaa
744 420 896 484 Domini.
1245 413 1309 478 205

157 635 268 720 dignis
292 638 326 697 et
348 633 474 714 absque
497 629 617 694 merito
645 633 798 693 sanctum
821 648 940 690 nomen
964 625 1058 689 illius
1079 624 1315 689 invocantibus

157 760 253 822 opem
270 737 415 801 coelestis
430 734 663 799 misericordiae
687 733 845 818 dignetur
868 731 1029 807 conferre,
1045 746 1085 795 ac
1108 728 1317 814 septiformis

159 842 304 926 Spiritus
333 839 447 903 Sancti
475 858 611 902 munere
640 837 741 903 corda
771 841 889 901 nostra
919 834 1117 919 purificare3
1149 839 1315 918 quatenus

160 945 307 1009 omnium
331 943 488 1006 vitiorum
516 941 612 1005 sorde
639 940 821 1017 emundati,
844 939 885 1003 ad
907 938 1146 1003 conficiendum
1169 938 1317 1002 chrisma

161 1047 308 1112 salutare
319 1046 500 1110 efficiamur
508 1043 628 1108 idonei.
674 1043 857 1108 Subveniat
866 1041 962 1106 nobis
974 1042 1008 1105 in
1020 1043 1083 1105 hac
1093 1040 1317 1105 celebratione

162 1149 401 1234 omnipotentis
424 1146 487 1212 Dei
509 1147 631 1232 gratia,
648 1152 683 1210 et
705 1147 794 1230 quod
816 1151 931 1210 nostro
955 1167 1042 1209 nunc
1064 1145 1245 1230 gerendum
1269 1150 1322 1208 est

163 1254 332 1338 obsequio,
349 1251 562 1317 sanctissima
584 1250 689 1336 ipsius
712 1251 905 1336 perficiatur
926 1249 1207 1331 beneffldictione,
1222 1256 1324 1332 atque

162 1378 220 1443 per
235 1358 383 1421 divinam
397 1355 543 1440 Spiritus
559 1353 673 1420 Sancti
689 1355 985 1438 cooperationem,
997 1354 1060 1418 hoc
1076 1376 1097 1418 a
1111 1353 1183 1418 Deo
1200 1353 1322 1418 saneti-

163 1463 298 1528 ficatum
320 1467 502 1527 renovetur
524 1461 635 1525 oleum
658 1460 755 1526 vitali
781 1460 951 1526 stillicidio
976 1461 1230 1525 aromatizantis
1253 1459 1324 1525 bal-

166 1566 259 1641 sami,
272 1565 396 1648 fiatque
410 1565 555 1629 chrisma
567 1564 777 1629 benedictum
793 1566 834 1629 ad
847 1564 1089 1629 confirmandos
1105 1562 1324 1629 ecelesiastici

166 1669 290 1753 gradus
306 1669 461 1742 honores,
475 1666 517 1731 ad
534 1668 776 1751 promovendas
788 1668 982 1752 dignitates,
995 1668 1037 1732 ad
1054 1668 1327 1733 sanctificandum

166 1770 382 1856 baptismatis
398 1769 581 1846 lavacrum,
597 1770 639 1834 ad
663 1770 909 1855 consignandas
925 1790 1056 1853 qnoque
1078 1792 1172 1835 uovae
1187 1792 1327 1856 regene-

168 1874 310 1938 rationis
326 1872 439 1957 proles
463 1873 621 1957 stigmate
645 1878 767 1938 sancta
790 1874 915 1951 crucis3
940 1874 987 1938 sit
1009 1874 1108 1938 etiam
1126 1874 1271 1938 chrisma
1293 1881 1328 1939 et

167 1977 361 2062 propitiatio
381 1976 501 2041 salutis
524 1982 652 2039 aeternae
674 1977 827 2040 omnibus
849 1997 952 2040 exea
972 1976 1137 2061 ungendis
1159 1977 1193 2039 in
1210 1997 1327 2061 perpe·

169 2087 261 2145 tuam
277 2079 464 2144 animarum
488 2077 720 2155 salvationem,
737 2085 905 2143 annuente
929 2084 964 2142 et
978 2079 1163 2143 auxiliante
1180 2079 1330 2161 ejusdem

170 2185 344 2270 unigenito
367 2182 509 2248 Domino
531 2187 647 2247 nostro
670 2182 754 2246 Jesu
776 2182 924 2258 Ohristo,
947 2187 983 2246 et
1004 2183 1177 2245 amborum
1201 2180 1329 2265 Spiritu

172 2288 305 2365 Sancto,
318 2287 375 2371 qui
390 2285 424 2349 iu
441 2285 606 2350 Trinitate
620 2292 739 2350 sancta
754 2305 841 2349 unus
853 2289 888 2350 et
902 2305 1002 2349 verus
1014 2284 1099 2348 vivit
1113 2289 1148 2348 et
1161 2283 1330 2369 gloriatur

172 2390 274 2467 Deus,
290 2388 478 2474 peremnia
494 2387 614 2453 saecula
630 2387 835 2453 saeculorum.
880 2387 999 2451 Amen.

216 2494 368 2560 Oremus.

215 2596 355 2660 Domine
373 2594 464 2658 Deus
481 2593 639 2670 Sabaoth,
655 2594 766 2659 vivida
790 2616 865 2679 spes
881 2593 1085 2669 mortalium,
1101 2592 1193 2658 salus
1209 2599 1242 2658 et
1259 2594 1329 2659 vita

172 2699 316 2764 omnium
340 2697 394 2782 pie
416 2697 609 2771 viventium,
626 2697 692 2780 qui,
709 2718 768 2781 per
790 2698 964 2784 mysticam
986 2697 1240 2782 glorificationis
1262 2704 1327 2761 tuae

172 2801 315 2877 laudem,
328 2798 485 2864 catholici
500 2798 625 2863 ordinis
642 2804 768 2864 statum
781 2805 816 2864 et
830 2800 930 2885 regiae
945 2800 1120 2885 dignitatis
1136 2820 1331 2865 consecrare

173 2902 367 2988 disposuisti
389 2900 462 2966 oleo
478 2902 715 2967 exsultationis
738 2909 773 2968 et
795 2903 973 2968 chrismate
997 2902 1138 2968 salutis:
1162 2909 1195 2966 te
1219 2903 1332 2967 cernui

174 3008 400 3092 deprecamur,
416 3005 684 3082 clementissime,
701 3011 739 3070 ut
761 3006 878 3071 divinae
901 3006 1065 3072 claritatis
1080 3013 1144 3071 tuae
1160 3006 1332 3069 dulcedine

177 3130 295 3174 sensus
318 3112 353 3172 et
375 3107 595 3172 conscientias
622 3114 755 3172 nostras
778 3107 939 3186 illustres,
955 3113 990 3173 et
1011 3129 1073 3172 nos
1095 3108 1129 3170 in
1153 3109 1206 3170 his
1230 3108 1335 3172 sacris

177 3210 375 3278 caerimoniis
390 3209 574 3275 coelestium
590 3211 858 3276 benedictionum
874 3210 1093 3296 amplitudine
1109 3213 1333 3296 prosequaris,

177 3315 219 3380 ad
247 3312 450 3378 conficienda
476 3313 662 3376 animarum
689 3319 879 3378 nostrarum
907 3313 1147 3378 medicamenta
1172 3313 1207 3376 in
1234 3314 1335 3398 hujus

178 3416 358 3482 salutiferae
382 3415 547 3479 unctionis
570 3415 842 3485 sanctificatione.
890 3414 951 3492 Tu,
966 3415 1117 3493 Domine,
1134 3417 1210 3480 usui
1230 3417 1335 3480 homi·

177 3541 255 3584 num
268 3523 388 3584 cuncta
400 3523 496 3582 terrae
508 3519 682 3583 nascentia
697 3519 883 3603 providisti,
898 3519 955 3583 sed
970 3519 1154 3604 prasertim
1171 3517 1333 3583 olivarum

182 3625 326 3688 fructum
351 3622 385 3684 in
410 3621 584 3705 utriusque
615 3622 760 3686 hominis
792 3623 1012 3687 salvationem
1043 3621 1232 3697 decrevisti,
1260 3621 1337 3684 dum

182 3724 366 3792 consecrati
383 3723 447 3787 olei
463 3724 620 3789 unctione
637 3746 698 3789 nos
721 3746 742 3788 a
757 3725 902 3809 peccatis
918 3725 1047 3809 expiari
1064 3744 1124 3808 per
1138 3724 1335 3808 prophetam

182 3827 377 3915 promisisti,
393 3827 536 3910 dumque
560 3827 780 3892 ecclesiastici
795 3829 922 3912 gradus
945 3828 1105 3890 honorem
1129 3832 1163 3891 et
1179 3827 1338 3902 ordinem,

183 3930 376 3997 chrismatis
402 3928 487 4005 oleo,
513 3950 662 3994 summus
690 3930 724 3994 in
751 3937 910 3994 aeternum
937 3929 1089 4014 pontifex
1117 3930 1340 4007 consecrasti3

186 4035 314 4108 adesto,
331 4053 529 4116 quaesumus,
545 4033 699 4109 Domine,
715 4033 894 4097 invisibilis
910 4040 974 4097 tuae
998 4032 1137 4096 visionis
1153 4033 1341 4116 prasentia,

186 4160 224 4203 ao
240 4135 338 4199 nobis
354 4141 387 4198 te
413 4135 649 4199 confitentibus
666 4137 700 4198 in
723 4158 790 4200 una
805 4137 907 4200 trium
929 4156 1146 4219 personarum
1162 4140 1284 4199 natura
1307 4146 1342 4200 et

188 4238 386 4315 substantia,
406 4237 566 4322 Spiritum
591 4238 753 4308 Sanctum,
774 4246 867 4304 tuum
891 4240 931 4304 de
954 4239 1024 4304 alto
1047 4238 1203 4302 coelorum
1226 4238 1341 4302 emitte

187 4343 334 4429 fastigio,
351 4343 407 4427 qui
430 4349 551 4406 nostrae
574 4344 778 4426 operationis
800 4344 985 4408 ministerio
1009 4343 1169 4408 melliflua
1189 4341 1342 4432 vitalium
