2940 4996
201 407 264 470 122
459 408 678 472 Consecratio
694 406 822 472 altaris
838 407 911 471 sine
926 407 1096 472 Ecclesia.

200 619 235 675 et
247 611 389 696 gratiam
403 611 612 696 sempiternae
625 611 863 696 redemptionis
877 611 1061 695 acquirant.
1107 611 1172 676 Per
1183 609 1365 675 Dominum

201 719 364 778 nostrum.

243 814 357 874 Deinde
371 823 481 873 teneant
501 814 670 872 subdiaconi
689 815 732 872 uel
751 814 866 873 accoliti
884 814 1055 874 linteamina
1067 815 1111 873 uel
1131 815 1230 874 omnia
1244 815 1364 874 ecclesia

202 919 368 970 ornamenta
377 931 425 968 seu
435 931 503 968 nasa
513 919 635 980 sacrata,
649 929 817 986 quaecunque
827 910 867 967 ael
876 910 983 968 cultum
993 908 1054 969 Dei
1060 911 1200 989 pertinere
1208 911 1344 970 videntur
1352 934 1363 983 ;

203 1014 228 1063 ct
242 1005 384 1063 benedicat
398 1025 430 1061 ca
440 1004 568 1081 pontifex
575 1003 662 1079 juata
676 1004 749 1061 hunc
763 1003 886 1062 nodum.

246 1101 448 1166 Benedictio
466 1099 715 1164 linteaminum

251 1205 384 1270 Oratio.

247 1307 399 1371 Oremus.

245 1405 387 1469 Domine
403 1405 496 1470 Deus
512 1403 734 1488 omnipotens,
751 1405 808 1489 qui
824 1405 866 1470 ab
881 1404 978 1470 initio
1001 1406 1192 1472 hominibus
1216 1406 1316 1472 utilia
1330 1413 1366 1473 et

199 1510 391 1575 necessaria
402 1507 536 1582 creasti,
549 1507 671 1590 quique
685 1506 907 1572 sacerdotalia
917 1509 1120 1573 vestimenta
1133 1509 1365 1574 sacerdotibus

201 1620 236 1678 et
262 1614 398 1678 levitica
427 1612 551 1687 levitis,
577 1616 774 1676 ornamenta
801 1632 931 1696 quoque
959 1617 993 1676 et
1022 1612 1223 1678 linteamina
1248 1613 1361 1678 facere

199 1716 362 1781 famulum
387 1720 482 1780 tuum
509 1716 650 1798 Moysen
677 1736 738 1799 per
763 1715 990 1799 quadraginta
1014 1716 1088 1780 dies
1110 1716 1266 1792 docuisti,
1290 1738 1362 1800 ques

200 1840 295 1884 soror
309 1819 415 1902 ipsius
432 1818 544 1882 Maria
558 1818 740 1882 honorifice
756 1818 837 1882 fecit
853 1824 888 1883 et
907 1819 1019 1882 texuit
1033 1819 1067 1881 in
1083 1841 1180 1883 usum
1203 1821 1362 1885 taberna-

201 1922 268 1986 culi
282 1920 434 1997 foederis;
459 1927 493 1984 te
509 1941 709 2003 quaesumus,
725 1925 764 1984 ut
780 1920 1031 2006 sanctifflfioare
1049 1925 1109 2006 [et]
1125 1922 1364 2002 eonsetlscrare

200 2023 349 2109 digneris
371 2024 440 2087 haee
462 2022 659 2086 linteamina
682 2023 717 2085 in
740 2043 838 2086 usum
860 2021 979 2086 altaris
995 2023 1056 2087 tui.
1101 2023 1167 2088 Per
1189 2023 1363 2089 Christum

201 2126 379 2191 Dominum
395 2131 558 2190 nostrum.

246 2232 395 2295 Oremus.

249 2335 380 2399 Oratio.
424 2330 584 2415 Dignare,
610 2327 762 2407 Domine,
786 2329 877 2394 Deus
905 2331 1125 2416 omnipotens,
1148 2329 1221 2395 Rex
1242 2351 1363 2417 regum

200 2441 235 2501 et
257 2435 420 2500 Dominus
443 2431 696 2508 dominantium,
715 2431 876 2496 Sacerdos
892 2432 1037 2496 omnium
1060 2437 1095 2496 et
1117 2433 1272 2498 Pontifex
1287 2434 1365 2497 uni·

200 2559 385 2612 versorum,
402 2557 462 2620 per
485 2556 583 2618 quem
599 2556 761 2598 unacum
784 2535 886 2599 Patre
909 2535 1096 2620 Sanctaque
1120 2535 1249 2620 Spiritu
1270 2536 1364 2602 facta

203 2646 282 2706 sunt
307 2640 476 2716 universa,
499 2639 534 2701 in
557 2638 689 2701 nomine
714 2643 772 2704 tuo
798 2638 1044 2722 beneffidicere,
1067 2636 1306 2716 conseerfflare
1329 2647 1366 2705 et

202 2743 451 2825 sanctifflficare
474 2739 624 2825 digneris
649 2741 718 2802 haec
741 2739 852 2803 omnia
875 2744 1073 2805 ornamenta
1095 2741 1197 2825 hujus
1218 2741 1342 2807 altaris
1355 2766 1364 2820 ;

198 2851 234 2911 et
256 2844 531 2929 quemadmodum
560 2842 776 2907 sanctificasti
801 2843 909 2908 officia
931 2843 1142 2909 tabernaculi
1162 2845 1362 2922 testimonii,

199 2949 249 3013 ita
270 2969 358 3010 nunc
381 2967 521 3009 manens
543 2945 578 3008 in
600 2948 760 3008 aeternum
784 2965 933 3008 summus
956 2946 1113 3010 sacerdos
1136 2947 1362 3025 sacerdotum,

201 3051 312 3116 omnia
338 3050 562 3114 instrumenta
590 3048 692 3130 hujus
718 3046 837 3111 altaris
864 3069 935 3130 quse
960 3048 1051 3111 inter
1079 3053 1212 3114 nostras
1238 3070 1363 3114 manus

200 3154 379 3227 habentur,
402 3151 500 3215 corde
527 3170 611 3233 puro
638 3170 822 3234 precamur,
848 3154 887 3215 ut
912 3147 1364 3236 beueffldieas,puri›1⁴fices,

198 3259 420 3331 consecrffles
450 3259 484 3317 et
511 3253 718 3317 sanctificata
744 3271 932 3317 conserves.
978 3251 1039 3335 Qui
1067 3253 1153 3316 vivis
1180 3259 1215 3318 et
1238 3274 1364 3338 regnas

201 3380 275 3422 cum
291 3356 362 3420 Deo
385 3357 485 3419 Patre
501 3355 536 3417 in
551 3354 680 3418 unitate
704 3353 854 3438 ejusdem
872 3352 1019 3437 Spiritus
1044 3354 1167 3433 Sancti,
1183 3354 1286 3433 Deus,
1302 3377 1366 3441 per

200 3460 311 3525 omnia
327 3457 447 3522 saecula
463 3456 669 3521 saeculorum.
714 3459 833 3520 Amen.

240 3562 353 3622 Deinde
370 3561 488 3620 diaconi
509 3560 629 3618 vestiant
651 3559 750 3631 altare,
772 3559 899 3637 episcopo
917 3565 942 3616 ct
966 3558 1059 3618 schola
1083 3560 1265 3619 cantantibus
1285 3562 1365 3620 anti·

196 3659 333 3737 phoceam.

202 3801 1367 3950 Q

247 3990 474 4059 circumda-te
498 3990 635 4053 Si-·on
652 3996 686 4054 et
709 3989 1000 4076 complecti-mimi
1035 4011 1053 4054 e
1069 4011 1151 4068 -am,
1174 4012 1293 4059 nar-ra
1308 4033 1322 4046 ·
1337 4000 1371 4060 te

201 4138 677 4273 Q

197 4305 231 4366 in
248 4300 338 4366 turri
356 4299 446 4363 -bus
493 4298 621 4380 e-jus.
