<?xml version="1.0" encoding="UTF-8"?>
<!DOCTYPE html PUBLIC "-//W3C//DTD XHTML 1.0 Transitional//EN"
    "http://www.w3.org/TR/xhtml1/DTD/xhtml1-transitional.dtd">
<html xmlns="http://www.w3.org/1999/xhtml" xml:lang="en" lang="en">
 <head>
  <title>
</title>
<meta http-equiv="Content-Type" content="text/html;charset=utf-8" />
  <meta name='ocr-system' content='tesseract 3.04.00' />
  <meta name='ocr-capabilities' content='ocr_page ocr_carea ocr_par ocr_line ocrx_word'/>
</head>
<body>
  <div class='ocr_page' id='page_1' title='image "./liberpontifical01baingoog_0411.png"; bbox 0 0 2940 4996; ppageno 0'>
   <div class='ocr_carea' id='block_1_1' title="bbox 149 306 1045 389">
    <p class='ocr_par' dir='ltr' id='par_1_1' title="bbox 149 306 1045 389">
     <span class='ocr_line' id='line_1_1' title="bbox 149 306 1045 389; baseline 0.01 -22"><span class='ocrx_word' id='word_1_1' title='bbox 149 306 187 368; x_wconf 77' lang='lat'><strong>56</strong></span> <span class='ocrx_word' id='word_1_2' title='bbox 228 343 236 359; x_wconf 90' lang='lat'><strong>·</strong></span> <span class='ocrx_word' id='word_1_3' title='bbox 340 309 652 373; x_wconf 80' lang='lat' dir='ltr'><strong>Benedictionesin</strong></span> <span class='ocrx_word' id='word_1_4' title='bbox 671 311 1045 389; x_wconf 75' lang='lat' dir='ltr'><strong>QuotidionisDiebua.</strong></span> 
     </span>
    </p>
   </div>
   <div class='ocr_carea' id='block_1_2' title="bbox 127 514 1275 1101">
    <p class='ocr_par' dir='ltr' id='par_1_2' title="bbox 127 514 1272 705">
     <span class='ocr_line' id='line_1_2' title="bbox 169 514 1272 605; baseline 0.002 -27"><span class='ocrx_word' id='word_1_5' title='bbox 169 514 402 599; x_wconf 86' lang='lat' dir='ltr'><strong>Coucedatque</strong></span> <span class='ocrx_word' id='word_1_6' title='bbox 419 518 513 580; x_wconf 87' lang='lat' dir='ltr'><strong>vobis</strong></span> <span class='ocrx_word' id='word_1_7' title='bbox 530 525 567 581; x_wconf 90' lang='lat' dir='ltr'><strong>ut</strong></span> <span class='ocrx_word' id='word_1_8' title='bbox 589 519 645 601; x_wconf 91' lang='lat' dir='ltr'><strong>qui</strong></span> <span class='ocrx_word' id='word_1_9' title='bbox 668 519 703 581; x_wconf 91' lang='lat' dir='ltr'><strong>iu</strong></span> <span class='ocrx_word' id='word_1_10' title='bbox 724 518 797 583; x_wconf 87' lang='lat' dir='ltr'><strong>sola</strong></span> <span class='ocrx_word' id='word_1_11' title='bbox 812 539 871 601; x_wconf 90' lang='lat' dir='ltr'><strong>spe</strong></span> <span class='ocrx_word' id='word_1_12' title='bbox 893 521 1010 605; x_wconf 82' lang='lat' dir='ltr'><strong>gratiae</strong></span> <span class='ocrx_word' id='word_1_13' title='bbox 1026 519 1175 584; x_wconf 88' lang='lat' dir='ltr'><strong>coelestis</strong></span> <span class='ocrx_word' id='word_1_14' title='bbox 1190 521 1272 583; x_wconf 92' lang='lat' dir='ltr'><strong>iuni-</strong></span> 
     </span>
     <span class='ocr_line' id='line_1_3' title="bbox 127 617 1121 705; baseline 0.006 -24"><span class='ocrx_word' id='word_1_15' title='bbox 127 617 245 695; x_wconf 73' lang='lat' dir='ltr'><strong>simini,</strong></span> <span class='ocrx_word' id='word_1_16' title='bbox 262 620 389 684; x_wconf 87' lang='lat' dir='ltr'><strong>coelesti</strong></span> <span class='ocrx_word' id='word_1_17' title='bbox 406 620 508 684; x_wconf 88' lang='lat' dir='ltr'><strong>etiam</strong></span> <span class='ocrx_word' id='word_1_18' title='bbox 524 623 732 705; x_wconf 89' lang='lat' dir='ltr'><strong>protectione</strong></span> <span class='ocrx_word' id='word_1_19' title='bbox 748 623 957 687; x_wconf 85' lang='lat' dir='ltr'><strong>muniamini.</strong></span> <span class='ocrx_word' id='word_1_20' title='bbox 1003 626 1121 688; x_wconf 86' lang='lat' dir='ltr'><strong>Amen.</strong></span> 
     </span>
    </p>

    <p class='ocr_par' dir='ltr' id='par_1_3' title="bbox 130 723 1275 913">
     <span class='ocr_line' id='line_1_4' title="bbox 172 723 1275 813; baseline 0.005 -28"><span class='ocrx_word' id='word_1_21' title='bbox 172 723 344 806; x_wconf 77' lang='lat' dir='ltr'>Quatenus</span> <span class='ocrx_word' id='word_1_22' title='bbox 355 726 432 788; x_wconf 92' lang='lat' dir='ltr'><strong>etin</strong></span> <span class='ocrx_word' id='word_1_23' title='bbox 444 728 600 809; x_wconf 78' lang='lat' dir='ltr'><strong>praesenti</strong></span> <span class='ocrx_word' id='word_1_24' title='bbox 612 726 730 789; x_wconf 83' lang='lat' dir='ltr'><strong>saeculo</strong></span> <span class='ocrx_word' id='word_1_25' title='bbox 743 727 897 792; x_wconf 87' lang='lat' dir='ltr'><strong>mortalis</strong></span> <span class='ocrx_word' id='word_1_26' title='bbox 907 729 983 792; x_wconf 83' lang='lat' dir='ltr'><strong>vitae</strong></span> <span class='ocrx_word' id='word_1_27' title='bbox 994 729 1117 792; x_wconf 87' lang='lat' dir='ltr'><strong>solatia</strong></span> <span class='ocrx_word' id='word_1_28' title='bbox 1127 728 1275 813; x_wconf 88' lang='lat' dir='ltr'><strong>capiatis,</strong></span> 
     </span>
     <span class='ocr_line' id='line_1_5' title="bbox 130 830 1151 913; baseline 0.005 -24"><span class='ocrx_word' id='word_1_29' title='bbox 130 834 165 890; x_wconf 89' lang='lat' dir='ltr'><strong>et</strong></span> <span class='ocrx_word' id='word_1_30' title='bbox 181 830 385 911; x_wconf 90' lang='lat' dir='ltr'><strong>sempiterna</strong></span> <span class='ocrx_word' id='word_1_31' title='bbox 400 830 524 912; x_wconf 83' lang='lat' dir='ltr'><strong>gaudia</strong></span> <span class='ocrx_word' id='word_1_32' title='bbox 540 831 819 913; x_wconf 82' lang='lat' dir='ltr'><strong>comprehendere</strong></span> <span class='ocrx_word' id='word_1_33' title='bbox 838 832 987 896; x_wconf 87' lang='lat' dir='ltr'><strong>valeatis.</strong></span> <span class='ocrx_word' id='word_1_34' title='bbox 1034 835 1151 896; x_wconf 89' lang='lat' dir='ltr'><strong>Amen.</strong></span> 
     </span>
    </p>

    <p class='ocr_par' dir='ltr' id='par_1_4' title="bbox 173 932 526 1018">
     <span class='ocr_line' id='line_1_6' title="bbox 173 932 526 1018; baseline 0.003 -23"><span class='ocrx_word' id='word_1_35' title='bbox 173 932 266 1015; x_wconf 80' lang='lat' dir='ltr'><strong>Quod</strong></span> <span class='ocrx_word' id='word_1_36' title='bbox 282 935 365 1018; x_wconf 90' lang='lat' dir='ltr'><strong>ipse.</strong></span> <span class='ocrx_word' id='word_1_37' title='bbox 410 935 526 997; x_wconf 84' lang='lat' dir='ltr'><strong>Amen.</strong></span> 
     </span>
    </p>

    <p class='ocr_par' dir='ltr' id='par_1_5' title="bbox 174 1038 539 1101">
     <span class='ocr_line' id='line_1_7' title="bbox 174 1038 539 1101; baseline -0.003 -1"><span class='ocrx_word' id='word_1_38' title='bbox 174 1038 377 1101; x_wconf 77' lang='lat' dir='ltr'><strong>Benedictio</strong></span> <span class='ocrx_word' id='word_1_39' title='bbox 424 1040 539 1100; x_wconf 89' lang='lat' dir='ltr'><strong>Amen.</strong></span> 
     </span>
    </p>
   </div>
   <div class='ocr_carea' id='block_1_3' title="bbox 130 1261 1279 2152">
    <p class='ocr_par' dir='ltr' id='par_1_6' title="bbox 170 1261 329 1317">
     <span class='ocr_line' id='line_1_8' title="bbox 170 1261 329 1317; baseline -0.006 0"><span class='ocrx_word' id='word_1_40' title='bbox 170 1261 329 1317; x_wconf 65' lang='lat' dir='ltr'><strong>Rmrdm.</strong></span> 
     </span>
    </p>

    <p class='ocr_par' dir='ltr' id='par_1_7' title="bbox 130 1355 1278 1547">
     <span class='ocr_line' id='line_1_9' title="bbox 176 1355 1278 1442; baseline -0.005 -20"><span class='ocrx_word' id='word_1_41' title='bbox 176 1359 396 1441; x_wconf 83' lang='lat' dir='ltr'><strong>Omnipotens</strong></span> <span class='ocrx_word' id='word_1_42' title='bbox 412 1355 503 1420; x_wconf 90' lang='lat' dir='ltr'><strong>Deus</strong></span> <span class='ocrx_word' id='word_1_43' title='bbox 520 1357 665 1420; x_wconf 81' lang='lat' dir='ltr'><strong>dexterae</strong></span> <span class='ocrx_word' id='word_1_44' title='bbox 688 1379 755 1420; x_wconf 86' lang='lat' dir='ltr'><strong>suae</strong></span> <span class='ocrx_word' id='word_1_45' title='bbox 769 1363 930 1442; x_wconf 88' lang='lat' dir='ltr'><strong>perpetuo</strong></span> <span class='ocrx_word' id='word_1_46' title='bbox 946 1358 1131 1421; x_wconf 79' lang='lat' dir='ltr'><strong>circumdet</strong></span> <span class='ocrx_word' id='word_1_47' title='bbox 1145 1356 1278 1433; x_wconf 85' lang='lat' dir='ltr'><strong>auxilio,</strong></span> 
     </span>
     <span class='ocr_line' id='line_1_10' title="bbox 130 1463 1026 1547; baseline 0 -21"><span class='ocrx_word' id='word_1_48' title='bbox 130 1472 165 1528; x_wconf 91' lang='lat' dir='ltr'><strong>et</strong></span> <span class='ocrx_word' id='word_1_49' title='bbox 179 1463 445 1527; x_wconf 89' lang='lat' dir='ltr'><strong>benedictionum</strong></span> <span class='ocrx_word' id='word_1_50' title='bbox 465 1483 602 1547; x_wconf 84' lang='lat' dir='ltr'><strong>sparum</strong></span> <span class='ocrx_word' id='word_1_51' title='bbox 619 1463 750 1546; x_wconf 85' lang='lat' dir='ltr'><strong>repleat</strong></span> <span class='ocrx_word' id='word_1_52' title='bbox 766 1464 864 1527; x_wconf 89' lang='lat' dir='ltr'><strong>dono.</strong></span> <span class='ocrx_word' id='word_1_53' title='bbox 909 1472 1026 1526; x_wconf 91' lang='lat' dir='ltr'><strong>Amen.</strong></span> 
     </span>
    </p>

    <p class='ocr_par' dir='ltr' id='par_1_8' title="bbox 130 1566 1279 1734">
     <span class='ocr_line' id='line_1_11' title="bbox 174 1566 1279 1650; baseline -0.004 -19"><span class='ocrx_word' id='word_1_54' title='bbox 174 1569 226 1631; x_wconf 78' lang='lat' dir='ltr'><strong>Ab</strong></span> <span class='ocrx_word' id='word_1_55' title='bbox 243 1567 331 1629; x_wconf 90' lang='lat' dir='ltr'><strong>omni</strong></span> <span class='ocrx_word' id='word_1_56' title='bbox 348 1588 408 1629; x_wconf 83' lang='lat' dir='ltr'><strong>vos</strong></span> <span class='ocrx_word' id='word_1_57' title='bbox 423 1568 591 1650; x_wconf 80' lang='lat' dir='ltr'><strong>pravitate</strong></span> <span class='ocrx_word' id='word_1_58' title='bbox 608 1567 776 1643; x_wconf 83' lang='lat' dir='ltr'><strong>defendat,</strong></span> <span class='ocrx_word' id='word_1_59' title='bbox 793 1573 828 1630; x_wconf 89' lang='lat' dir='ltr'><strong>et</strong></span> <span class='ocrx_word' id='word_1_60' title='bbox 843 1568 938 1630; x_wconf 90' lang='lat' dir='ltr'><strong>donis</strong></span> <span class='ocrx_word' id='word_1_61' title='bbox 954 1566 1146 1630; x_wconf 85' lang='lat' dir='ltr'><strong>coelestibus</strong></span> <span class='ocrx_word' id='word_1_62' title='bbox 1162 1566 1279 1628; x_wconf 83' lang='lat' dir='ltr'><strong>exube-</strong></span> 
     </span>
     <span class='ocr_line' id='line_1_12' title="bbox 130 1671 556 1734; baseline -0.007 0"><span class='ocrx_word' id='word_1_63' title='bbox 130 1692 206 1734; x_wconf 84' lang='lat' dir='ltr'><strong>rare</strong></span> <span class='ocrx_word' id='word_1_64' title='bbox 223 1671 393 1733; x_wconf 87' lang='lat' dir='ltr'><strong>concedat.</strong></span> <span class='ocrx_word' id='word_1_65' title='bbox 439 1672 556 1732; x_wconf 83' lang='lat' dir='ltr'><strong>Amen.</strong></span> 
     </span>
    </p>

    <p class='ocr_par' dir='ltr' id='par_1_9' title="bbox 130 1774 1279 1963">
     <span class='ocr_line' id='line_1_13' title="bbox 175 1774 1279 1858; baseline -0.001 -22"><span class='ocrx_word' id='word_1_66' title='bbox 175 1775 245 1858; x_wconf 75' lang='lat' dir='ltr'><strong>Quo</strong></span> <span class='ocrx_word' id='word_1_67' title='bbox 262 1796 397 1858; x_wconf 88' lang='lat' dir='ltr'><strong>corpore</strong></span> <span class='ocrx_word' id='word_1_68' title='bbox 421 1776 572 1839; x_wconf 87' lang='lat' dir='ltr'><strong>mundati</strong></span> <span class='ocrx_word' id='word_1_69' title='bbox 589 1797 627 1838; x_wconf 88' lang='lat' dir='ltr'><strong>ac</strong></span> <span class='ocrx_word' id='word_1_70' title='bbox 650 1781 771 1850; x_wconf 86' lang='lat' dir='ltr'><strong>mente,</strong></span> <span class='ocrx_word' id='word_1_71' title='bbox 788 1775 890 1838; x_wconf 88' lang='lat' dir='ltr'><strong>talem</strong></span> <span class='ocrx_word' id='word_1_72' title='bbox 912 1775 942 1837; x_wconf 90' lang='lat' dir='ltr'><strong>ei</strong></span> <span class='ocrx_word' id='word_1_73' title='bbox 967 1775 1156 1838; x_wconf 85' lang='lat' dir='ltr'><strong>exhibeatis</strong></span> <span class='ocrx_word' id='word_1_74' title='bbox 1180 1774 1279 1837; x_wconf 85' lang='lat' dir='ltr'><strong>servi·</strong></span> 
     </span>
     <span class='ocr_line' id='line_1_14' title="bbox 130 1879 1181 1963; baseline -0.003 -20"><span class='ocrx_word' id='word_1_75' title='bbox 130 1886 248 1954; x_wconf 90' lang='lat' dir='ltr'><strong>tutem,</strong></span> <span class='ocrx_word' id='word_1_76' title='bbox 265 1900 437 1961; x_wconf 90' lang='lat' dir='ltr'><strong>perquem</strong></span> <span class='ocrx_word' id='word_1_77' title='bbox 456 1900 549 1942; x_wconf 90' lang='lat' dir='ltr'><strong>suam</strong></span> <span class='ocrx_word' id='word_1_78' title='bbox 566 1880 723 1963; x_wconf 88' lang='lat' dir='ltr'><strong>consequi</strong></span> <span class='ocrx_word' id='word_1_79' title='bbox 739 1879 883 1943; x_wconf 86' lang='lat' dir='ltr'><strong>valeatis</strong></span> <span class='ocrx_word' id='word_1_80' title='bbox 898 1879 1181 1963; x_wconf 89' lang='lat' dir='ltr'><strong>propitiationem.</strong></span> 
     </span>
    </p>

    <p class='ocr_par' dir='ltr' id='par_1_10' title="bbox 174 1985 977 2068">
     <span class='ocr_line' id='line_1_15' title="bbox 174 1985 977 2068; baseline 0 -22"><span class='ocrx_word' id='word_1_81' title='bbox 174 1985 366 2068; x_wconf 77' lang='lat' dir='ltr'><strong>Quodipse.</strong></span> <span class='ocrx_word' id='word_1_82' title='bbox 412 1985 528 2047; x_wconf 86' lang='lat' dir='ltr'><strong>Amen.</strong></span> <span class='ocrx_word' id='word_1_83' title='bbox 974 2010 977 2017; x_wconf 70' lang='grc'><strong>’</strong></span> 
     </span>
    </p>

    <p class='ocr_par' dir='ltr' id='par_1_11' title="bbox 174 2090 540 2152">
     <span class='ocr_line' id='line_1_16' title="bbox 174 2090 540 2152; baseline -0.005 0"><span class='ocrx_word' id='word_1_84' title='bbox 174 2090 378 2152; x_wconf 84' lang='lat' dir='ltr'><strong>Benedictio.</strong></span> <span class='ocrx_word' id='word_1_85' title='bbox 424 2091 540 2151; x_wconf 91' lang='lat' dir='ltr'><strong>Amen.</strong></span> 
     </span>
    </p>
   </div>
   <div class='ocr_carea' id='block_1_4' title="bbox 170 2307 1263 2487">
    <p class='ocr_par' dir='ltr' id='par_1_12' title="bbox 170 2307 1263 2487">
     <span class='ocr_line' id='line_1_17' title="bbox 170 2307 434 2365; baseline -0.008 0"><span class='ocrx_word' id='word_1_86' title='bbox 170 2307 434 2365; x_wconf 63' lang='lat' dir='ltr'><strong>AoaBoaeaaa</strong></span> 
     </span>
     <span class='ocr_line' id='line_1_18' title="bbox 186 2402 1263 2487; baseline -0.006 -19"><span class='ocrx_word' id='word_1_87' title='bbox 186 2405 344 2468; x_wconf 84' lang='lat' dir='ltr'><strong>Purificet</strong></span> <span class='ocrx_word' id='word_1_88' title='bbox 374 2404 584 2487; x_wconf 88' lang='lat' dir='ltr'><strong>omnipotens</strong></span> <span class='ocrx_word' id='word_1_89' title='bbox 614 2402 708 2466; x_wconf 90' lang='lat' dir='ltr'><strong>Deus</strong></span> <span class='ocrx_word' id='word_1_90' title='bbox 742 2410 929 2465; x_wconf 87' lang='lat' dir='ltr'><strong>vestrorum</strong></span> <span class='ocrx_word' id='word_1_91' title='bbox 964 2402 1115 2466; x_wconf 88' lang='lat' dir='ltr'><strong>cordium</strong></span> <span class='ocrx_word' id='word_1_92' title='bbox 1146 2421 1263 2466; x_wconf 89' lang='lat' dir='ltr'><strong>arcana</strong></span> 
     </span>
    </p>
   </div>
   <div class='ocr_carea' id='block_1_5' title="bbox 126 2507 1249 3196">
    <p class='ocr_par' dir='ltr' id='par_1_13' title="bbox 126 2507 1155 2572">
     <span class='ocr_line' id='line_1_19' title="bbox 126 2507 1155 2572; baseline -0.005 0"><span class='ocrx_word' id='word_1_93' title='bbox 126 2516 160 2572; x_wconf 89' lang='lat' dir='ltr'><strong>et</strong></span> <span class='ocrx_word' id='word_1_94' title='bbox 176 2509 419 2571; x_wconf 83' lang='lat' dir='ltr'><strong>benedictionis</strong></span> <span class='ocrx_word' id='word_1_95' title='bbox 437 2529 502 2570; x_wconf 86' lang='lat' dir='ltr'><strong>suae</strong></span> <span class='ocrx_word' id='word_1_96' title='bbox 519 2507 613 2569; x_wconf 91' lang='lat' dir='ltr'><strong>vobis</strong></span> <span class='ocrx_word' id='word_1_97' title='bbox 630 2508 758 2571; x_wconf 89' lang='lat' dir='ltr'><strong>tribuat</strong></span> <span class='ocrx_word' id='word_1_98' title='bbox 774 2507 991 2569; x_wconf 88' lang='lat' dir='ltr'><strong>incrementa.</strong></span> <span class='ocrx_word' id='word_1_99' title='bbox 1036 2507 1155 2568; x_wconf 83' lang='lat' dir='ltr'><strong>Amen.</strong></span> 
     </span>
    </p>

    <p class='ocr_par' dir='ltr' id='par_1_14' title="bbox 129 2610 1249 2800">
     <span class='ocr_line' id='line_1_20' title="bbox 169 2610 1249 2694; baseline -0.007 -18"><span class='ocrx_word' id='word_1_100' title='bbox 169 2614 221 2676; x_wconf 87' lang='lat' dir='ltr'><strong>Ab</strong></span> <span class='ocrx_word' id='word_1_101' title='bbox 238 2612 392 2674; x_wconf 89' lang='lat' dir='ltr'><strong>omnibus</strong></span> <span class='ocrx_word' id='word_1_102' title='bbox 409 2611 484 2674; x_wconf 86' lang='lat' dir='ltr'><strong>vitae</strong></span> <span class='ocrx_word' id='word_1_103' title='bbox 500 2613 676 2694; x_wconf 83' lang='lat' dir='ltr'><strong>praesentis</strong></span> <span class='ocrx_word' id='word_1_104' title='bbox 692 2611 853 2694; x_wconf 90' lang='lat' dir='ltr'><strong>periculis</strong></span> <span class='ocrx_word' id='word_1_105' title='bbox 869 2611 1047 2686; x_wconf 85' lang='lat' dir='ltr'><strong>exuamini,</strong></span> <span class='ocrx_word' id='word_1_106' title='bbox 1064 2617 1101 2673; x_wconf 92' lang='lat' dir='ltr'><strong>et</strong></span> <span class='ocrx_word' id='word_1_107' title='bbox 1116 2610 1249 2673; x_wconf 66' lang='lat' dir='ltr'><strong>virtutu„¹</strong></span> 
     </span>
     <span class='ocr_line' id='line_1_21' title="bbox 129 2714 929 2800; baseline -0.005 -21"><span class='ocrx_word' id='word_1_108' title='bbox 129 2715 330 2800; x_wconf 86' lang='lat' dir='ltr'><strong>spiritalium</strong></span> <span class='ocrx_word' id='word_1_109' title='bbox 348 2716 556 2776; x_wconf 86' lang='lat' dir='ltr'><strong>ornamentis</strong></span> <span class='ocrx_word' id='word_1_110' title='bbox 572 2714 766 2777; x_wconf 83' lang='lat' dir='ltr'><strong>induamini.</strong></span> <span class='ocrx_word' id='word_1_111' title='bbox 813 2716 929 2776; x_wconf 91' lang='lat' dir='ltr'><strong>Amen.</strong></span> 
     </span>
    </p>

    <p class='ocr_par' dir='ltr' id='par_1_15' title="bbox 127 2817 1224 3008">
     <span class='ocr_line' id='line_1_22' title="bbox 171 2817 1224 2903; baseline -0.001 -22"><span class='ocrx_word' id='word_1_112' title='bbox 171 2820 241 2903; x_wconf 71' lang='lat' dir='ltr'><strong>Quo</strong></span> <span class='ocrx_word' id='word_1_113' title='bbox 263 2818 356 2881; x_wconf 88' lang='lat' dir='ltr'><strong>illius</strong></span> <span class='ocrx_word' id='word_1_114' title='bbox 379 2819 547 2900; x_wconf 88' lang='lat' dir='ltr'><strong>adjutorio</strong></span> <span class='ocrx_word' id='word_1_115' title='bbox 570 2818 659 2894; x_wconf 84' lang='lat' dir='ltr'><strong>fulti,</strong></span> <span class='ocrx_word' id='word_1_116' title='bbox 684 2819 732 2882; x_wconf 90' lang='lat' dir='ltr'><strong>sic</strong></span> <span class='ocrx_word' id='word_1_117' title='bbox 757 2819 785 2881; x_wconf 90' lang='lat' dir='ltr'><strong>ei</strong></span> <span class='ocrx_word' id='word_1_118' title='bbox 812 2818 970 2882; x_wconf 87' lang='lat' dir='ltr'><strong>serviatis</strong></span> <span class='ocrx_word' id='word_1_119' title='bbox 990 2817 1025 2880; x_wconf 93' lang='lat' dir='ltr'><strong>in</strong></span> <span class='ocrx_word' id='word_1_120' title='bbox 1050 2819 1164 2892; x_wconf 87' lang='lat' dir='ltr'><strong>terris,</strong></span> <span class='ocrx_word' id='word_1_121' title='bbox 1188 2824 1224 2880; x_wconf 92' lang='lat' dir='ltr'><strong>ut</strong></span> 
     </span>
     <span class='ocr_line' id='line_1_23' title="bbox 127 2922 613 3008; baseline -0.012 -19"><span class='ocrx_word' id='word_1_122' title='bbox 127 2924 285 3008; x_wconf 83' lang='lat' dir='ltr'><strong>conjungi</strong></span> <span class='ocrx_word' id='word_1_123' title='bbox 302 2922 444 2986; x_wconf 85' lang='lat' dir='ltr'><strong>valeatis</strong></span> <span class='ocrx_word' id='word_1_124' title='bbox 460 2923 494 2983; x_wconf 92' lang='lat' dir='ltr'><strong>in</strong></span> <span class='ocrx_word' id='word_1_125' title='bbox 512 2922 613 2985; x_wconf 88' lang='lat' dir='ltr'><strong>coelis.</strong></span> 
     </span>
    </p>

    <p class='ocr_par' dir='ltr' id='par_1_16' title="bbox 169 3028 519 3113">
     <span class='ocr_line' id='line_1_24' title="bbox 169 3028 519 3113; baseline -0.011 -21"><span class='ocrx_word' id='word_1_126' title='bbox 169 3028 260 3113; x_wconf 70' lang='lat' dir='ltr'><strong>Quod</strong></span> <span class='ocrx_word' id='word_1_127' title='bbox 278 3028 359 3110; x_wconf 89' lang='lat' dir='ltr'><strong>ipse.</strong></span> <span class='ocrx_word' id='word_1_128' title='bbox 404 3028 519 3088; x_wconf 86' lang='lat' dir='ltr'><strong>Amen.</strong></span> 
     </span>
    </p>

    <p class='ocr_par' dir='ltr' id='par_1_17' title="bbox 171 3131 535 3196">
     <span class='ocr_line' id='line_1_25' title="bbox 171 3131 535 3196; baseline -0.014 0"><span class='ocrx_word' id='word_1_129' title='bbox 171 3131 374 3196; x_wconf 85' lang='lat' dir='ltr'><strong>Benedictio.</strong></span> <span class='ocrx_word' id='word_1_130' title='bbox 421 3132 535 3192; x_wconf 91' lang='lat' dir='ltr'><strong>Amen.</strong></span> 
     </span>
    </p>
   </div>
   <div class='ocr_carea' id='block_1_6' title="bbox 122 3349 1173 4340">
    <p class='ocr_par' dir='ltr' id='par_1_18' title="bbox 166 3349 248 3405">
     <span class='ocr_line' id='line_1_26' title="bbox 166 3349 248 3405; baseline -0.012 -1"><span class='ocrx_word' id='word_1_131' title='bbox 166 3349 248 3405; x_wconf 65' lang='lat' dir='ltr'><strong>Aba</strong></span> 
     </span>
    </p>

    <p class='ocr_par' dir='ltr' id='par_1_19' title="bbox 127 3441 1173 3632">
     <span class='ocr_line' id='line_1_27' title="bbox 169 3441 1173 3526; baseline -0.001 -21"><span class='ocrx_word' id='word_1_132' title='bbox 169 3443 388 3526; x_wconf 89' lang='lat' dir='ltr'><strong>Omnipotens</strong></span> <span class='ocrx_word' id='word_1_133' title='bbox 401 3442 493 3505; x_wconf 87' lang='lat' dir='ltr'><strong>Deus</strong></span> <span class='ocrx_word' id='word_1_134' title='bbox 510 3443 668 3506; x_wconf 89' lang='lat' dir='ltr'><strong>universa</strong></span> <span class='ocrx_word' id='word_1_135' title='bbox 684 3464 705 3505; x_wconf 88' lang='lat' dir='ltr'><strong>a</strong></span> <span class='ocrx_word' id='word_1_136' title='bbox 719 3443 815 3505; x_wconf 91' lang='lat' dir='ltr'><strong>vobis</strong></span> <span class='ocrx_word' id='word_1_137' title='bbox 831 3441 1045 3506; x_wconf 86' lang='lat' dir='ltr'><strong>adversantia</strong></span> <span class='ocrx_word' id='word_1_138' title='bbox 1061 3442 1173 3506; x_wconf 70' lang='lat' dir='ltr'><strong>excluo&#39;</strong></span> 
     </span>
     <span class='ocr_line' id='line_1_28' title="bbox 127 3546 1137 3632; baseline -0.001 -22"><span class='ocrx_word' id='word_1_139' title='bbox 127 3570 192 3610; x_wconf 84' lang='lat' dir='ltr'><strong>suae</strong></span> <span class='ocrx_word' id='word_1_140' title='bbox 210 3568 309 3629; x_wconf 86' lang='lat' dir='ltr'><strong>super</strong></span> <span class='ocrx_word' id='word_1_141' title='bbox 325 3568 384 3609; x_wconf 87' lang='lat' dir='ltr'><strong>vos</strong></span> <span class='ocrx_word' id='word_1_142' title='bbox 397 3547 638 3609; x_wconf 88' lang='lat' dir='ltr'><strong>benedictionis</strong></span> <span class='ocrx_word' id='word_1_143' title='bbox 654 3547 742 3609; x_wconf 91' lang='lat' dir='ltr'><strong>dona</strong></span> <span class='ocrx_word' id='word_1_144' title='bbox 753 3547 957 3632; x_wconf 88' lang='lat' dir='ltr'><strong>propitiatus</strong></span> <span class='ocrx_word' id='word_1_145' title='bbox 972 3546 1137 3609; x_wconf 84' lang='lat' dir='ltr'><strong>infundat.</strong></span> 
     </span>
    </p>

    <p class='ocr_par' dir='ltr' id='par_1_20' title="bbox 124 3649 1151 3839">
     <span class='ocr_line' id='line_1_29' title="bbox 171 3649 1151 3735; baseline 0 -23"><span class='ocrx_word' id='word_1_146' title='bbox 171 3650 280 3712; x_wconf 82' lang='lat' dir='ltr'><strong>Corda</strong></span> <span class='ocrx_word' id='word_1_147' title='bbox 304 3656 418 3713; x_wconf 90' lang='lat' dir='ltr'><strong>vestra</strong></span> <span class='ocrx_word' id='word_1_148' title='bbox 441 3650 563 3713; x_wconf 89' lang='lat' dir='ltr'><strong>efficiat</strong></span> <span class='ocrx_word' id='word_1_149' title='bbox 579 3650 682 3713; x_wconf 90' lang='lat' dir='ltr'><strong>sacris</strong></span> <span class='ocrx_word' id='word_1_150' title='bbox 707 3651 839 3714; x_wconf 89' lang='lat' dir='ltr'><strong>intenta</strong></span> <span class='ocrx_word' id='word_1_151' title='bbox 861 3649 1034 3724; x_wconf 90' lang='lat' dir='ltr'><strong>doctrinis,</strong></span> <span class='ocrx_word' id='word_1_152' title='bbox 1051 3672 1116 3733; x_wconf 91' lang='lat' dir='ltr'><strong>quo</strong></span> <span class='ocrx_word' id='word_1_153' title='bbox 1140 3674 1151 3735; x_wconf 80' lang='lat' dir='ltr'>J</span> 
     </span>
     <span class='ocr_line' id='line_1_30' title="bbox 124 3754 843 3839; baseline 0 -22"><span class='ocrx_word' id='word_1_154' title='bbox 124 3754 248 3839; x_wconf 87' lang='lat' dir='ltr'><strong>repleri</strong></span> <span class='ocrx_word' id='word_1_155' title='bbox 266 3755 436 3817; x_wconf 90' lang='lat' dir='ltr'><strong>beneficiis</strong></span> <span class='ocrx_word' id='word_1_156' title='bbox 454 3755 679 3836; x_wconf 87' lang='lat' dir='ltr'><strong>sempiternis.</strong></span> <span class='ocrx_word' id='word_1_157' title='bbox 725 3757 843 3818; x_wconf 88' lang='lat' dir='ltr'><strong>Amen.</strong></span> 
     </span>
    </p>

    <p class='ocr_par' dir='ltr' id='par_1_21' title="bbox 122 3859 1122 4131">
     <span class='ocr_line' id='line_1_31' title="bbox 167 3859 1104 3944; baseline -0.001 -22"><span class='ocrx_word' id='word_1_158' title='bbox 167 3861 339 3944; x_wconf 71' lang='lat' dir='ltr'><strong>Quatenus</strong></span> <span class='ocrx_word' id='word_1_159' title='bbox 371 3866 403 3922; x_wconf 88' lang='lat' dir='ltr'><strong>et</strong></span> <span class='ocrx_word' id='word_1_160' title='bbox 437 3860 651 3943; x_wconf 89' lang='lat' dir='ltr'><strong>exsequenda</strong></span> <span class='ocrx_word' id='word_1_161' title='bbox 682 3860 926 3944; x_wconf 85' lang='lat' dir='ltr'><strong>intelligentes,</strong></span> <span class='ocrx_word' id='word_1_162' title='bbox 954 3863 987 3921; x_wconf 89' lang='lat' dir='ltr'><strong>et</strong></span> <span class='ocrx_word' id='word_1_163' title='bbox 1014 3859 1104 3922; x_wconf 89' lang='lat' dir='ltr'><strong>inter</strong></span> 
     </span>
     <span class='ocr_line' id='line_1_32' title="bbox 122 3963 1122 4048; baseline 0.001 -21"><span class='ocrx_word' id='word_1_164' title='bbox 122 3965 236 4027; x_wconf 88' lang='lat' dir='ltr'><strong>mundi</strong></span> <span class='ocrx_word' id='word_1_165' title='bbox 264 3964 484 4027; x_wconf 86' lang='lat' dir='ltr'><strong>inveniamini</strong></span> <span class='ocrx_word' id='word_1_166' title='bbox 507 3964 692 4040; x_wconf 87' lang='lat' dir='ltr'><strong>indemnes,</strong></span> <span class='ocrx_word' id='word_1_167' title='bbox 717 3972 751 4028; x_wconf 91' lang='lat' dir='ltr'><strong>et</strong></span> <span class='ocrx_word' id='word_1_168' title='bbox 775 3966 949 4028; x_wconf 89' lang='lat' dir='ltr'><strong>beatorum</strong></span> <span class='ocrx_word' id='word_1_169' title='bbox 975 3963 1122 4048; x_wconf 56' lang='lat' dir='ltr'><strong>spirituu‘</strong></span> 
     </span>
     <span class='ocr_line' id='line_1_33' title="bbox 124 4069 597 4131; baseline 0.002 -1"><span class='ocrx_word' id='word_1_170' title='bbox 124 4069 225 4131; x_wconf 89' lang='lat' dir='ltr'><strong>amini</strong></span> <span class='ocrx_word' id='word_1_171' title='bbox 242 4069 433 4130; x_wconf 86' lang='lat' dir='ltr'><strong>coheredes.</strong></span> <span class='ocrx_word' id='word_1_172' title='bbox 480 4071 597 4131; x_wconf 86' lang='lat' dir='ltr'><strong>Amen.</strong></span> 
     </span>
    </p>

    <p class='ocr_par' dir='ltr' id='par_1_22' title="bbox 167 4174 522 4255">
     <span class='ocr_line' id='line_1_34' title="bbox 167 4174 522 4255; baseline 0.006 -20"><span class='ocrx_word' id='word_1_173' title='bbox 167 4174 358 4255; x_wconf 73' lang='lat' dir='ltr'><strong>Ouodipse.</strong></span> <span class='ocrx_word' id='word_1_174' title='bbox 408 4177 522 4238; x_wconf 83' lang='lat' dir='ltr'><strong>Amen.</strong></span> 
     </span>
    </p>

    <p class='ocr_par' dir='ltr' id='par_1_23' title="bbox 331 4277 534 4340">
     <span class='ocr_line' id='line_1_35' title="bbox 331 4277 534 4340; baseline 0.02 -4"><span class='ocrx_word' id='word_1_175' title='bbox 331 4277 336 4283; x_wconf 56' lang='lat'><strong>⁴</strong></span> <span class='ocrx_word' id='word_1_176' title='bbox 425 4281 534 4340; x_wconf 66' lang='lat' dir='ltr'><strong>luwn.</strong></span> 
     </span>
    </p>
   </div>
   <div class='ocr_carea' id='block_1_7' title="bbox 0 0 1474 4996">
    <p class='ocr_par' dir='ltr' id='par_1_24' title="bbox 0 0 1474 4996">
     <span class='ocr_line' id='line_1_36' title="bbox 0 0 1474 4996; baseline 0 0"><span class='ocrx_word' id='word_1_177' title='bbox 0 0 1474 4996; x_wconf 95' lang='lat' dir='ltr'><strong> </strong></span> 
     </span>
    </p>
   </div>
  </div>
 </body>
</html>
