2940 4996
152 409 216 470 314
479 412 529 472 De
549 412 734 474 Ordinibus
754 413 984 496 Conferendis.

155 806 290 870 Missa
303 809 355 873 IN
368 804 683 872 ORDINATIONE
696 803 977 868 PRESBYTERI
990 802 1095 866 SIVE
1106 800 1306 866 DIAOONI.

198 1011 339 1087 Exaudi,
362 1011 515 1091 Domine,
540 1014 727 1098 supplicum
749 1032 876 1098 preces,
892 1016 928 1074 et·
949 1011 1071 1074 devoto
1092 1007 1155 1072 tibi
1179 1011 1310 1090 pectore

154 1111 356 1178 famulantes
372 1123 535 1200 perpetua
557 1117 749 1180 defensione
772 1115 913 1191 custodi,
928 1119 968 1179 ut
982 1112 1087 1177 nullis
1109 1108 1311 1196 perturbati·

156 1215 276 1279 onibus
302 1216 463 1299 impediti,
487 1219 627 1283 liberam
656 1219 854 1282 servitutem
878 1218 946 1281 tuis
973 1237 1105 1299 semper
1132 1214 1312 1278 exhibeant

157 1319 284 1383 officiis.
328 1322 402 1384 Per.

200 1419 292 1498 Super
305 1424 410 1481 oblata.

202 1517 357 1582 Omnium
380 1526 583 1597 nostrorum,
605 1519 757 1596 Domine,
781 1540 981 1604 quaesumus,
996 1520 1128 1583 hostias
1151 1517 1315 1603 propitius

160 1618 300 1696 intuere,
321 1629 359 1687 ut
381 1629 416 1686 et
439 1623 527 1707 qnod
550 1629 662 1687 actum
685 1628 738 1686 est
759 1644 822 1707 per
843 1623 1037 1706 obsequium
1061 1621 1258 1706 deputatum
1281 1627 1314 1683 et

159 1721 305 1785 fidelium
333 1728 412 1788 vota
439 1725 647 1808 populorum,
671 1731 731 1789 tua
753 1725 866 1809 potius
892 1724 1130 1810 propitiatione
1157 1725 1314 1786 firmetur.

161 1823 233 1887 Per.

200 1926 350 1986 Precatio.

204 2025 245 2089 V.
262 1928 304 2088 i).
351 2028 491 2091 AEterne
508 2027 620 2101 Deus;
645 2027 844 2112 suppliciter
866 2027 1096 2112 deprecantes,
1112 2034 1152 2091 ut
1172 2032 1320 2091 nostram

161 2128 287 2211 pariter
318 2134 353 2193 et
382 2129 477 2192 illius
510 2151 609 2214 quem
645 2152 707 2214 per
735 2132 786 2194 tui
816 2131 965 2194 muneris
995 2129 1192 2216 largitatem
1224 2150 1323 2194 sacra

161 2231 295 2295 familiae
312 2235 536 2318 subrogamus
553 2234 742 2298 antistitem
759 2234 813 2297 vel
828 2235 1059 2318 presbyterum
1076 2233 1130 2296 vel
1149 2233 1323 2297 diaconum

163 2335 247 2397 bene
264 2335 325 2399 tibi
342 2335 503 2418 placitam
521 2337 679 2420 perficias
696 2337 905 2400 servitutem.
951 2336 1016 2399 Per
1031 2334 1234 2400 Christum.-

201 2438 288 2512 Infra
302 2440 449 2497 actionem.

207 2534 305 2597 Hanc
328 2535 434 2618 igitur
456 2535 672 2612 oblationem,
690 2558 789 2619 quam
813 2537 875 2600 tibi
899 2536 1078 2611 offerimus,
1094 2534 1250 2612 Domine,
1266 2555 1323 2621 pro

163 2636 288 2700 famulo
319 2642 377 2700 tuo
408 2639 461 2700 ill.
488 2658 587 2722 quem
619 2639 661 2702 ad
687 2639 914 2723 pontificalem
940 2639 994 2702 uel
1023 2639 1225 2722 presbyterii
1256 2642 1322 2702 sive

164 2740 308 2803 diaconii
331 2741 471 2824 gradum
487 2761 685 2824 promovere
708 2742 868 2826 dignatus
891 2763 939 2816 es,
955 2762 1156 2825 quaesumus,
1171 2740 1321 2816 Domine,

165 2849 201 2906 ut
216 2843 370 2927 placatus
387 2843 544 2927 accipias,
562 2850 597 2907 et
613 2866 684 2928 quse
701 2845 731 2908 ei
748 2845 861 2908 divino
877 2866 1014 2908 munere
1030 2843 1216 2921 contulisti,
1232 2845 1267 2906 in
1283 2865 1319 2908 eo

164 2947 331 3030 propitius
348 2954 408 3009 tua
423 2948 511 3011 dona
528 2948 671 3012 custodi.
719 2949 781 3012 Per
797 2947 978 3013 Christum.

203 3050 254 3107 Ad
268 3049 472 3125 complendum.

207 3145 260 3209 Da
282 3145 389 3220 nobis,
406 3166 605 3228 quaesumus,
629 3148 840 3231 omnipotens
862 3145 964 3222 Deus,
980 3147 1057 3211 boni
1080 3147 1194 3231 operis
1215 3148 1316 3212 incre-

163 3254 278 3311 menta
292 3247 475 3330 percipere,
492 3254 527 3310 et
548 3270 644 3333 quem
670 3257 821 3333 tempore
838 3250 1005 3334 provehis,
1023 3251 1128 3313 sacris
1150 3252 1316 3335 mysteriis

164 3352 253 3415 effice
271 3350 522 3435 promptiorem.
568 3353 641 3415 Per.

204 3453 296 3530 Super
306 3453 455 3530 populans.

207 3549 330 3611 Totum
352 3569 472 3631 corpus
496 3548 644 3613 ecclesiae
667 3556 743 3626 ture,
760 3551 911 3629 Domine,
935 3574 1133 3635 quesumus,
1151 3553 1198 3617 sic
1220 3555 1313 3618 bene·

162 3651 263 3715 dictio
302 3650 499 3734 suppliciter
536 3651 716 3735 implorata
759 3654 924 3738 disponat,
962 3660 1002 3718 ut
1038 3659 1073 3718 et
1111 3656 1312 3740 superiorum

163 3757 356 3820 firmitatem
372 3757 594 3818 membrorum
619 3756 771 3838 subjecta-
794 3759 1035 3844 congaudeant,
1052 3764 1086 3824 et
1109 3761 1311 3826 subditorum

165 3859 357 3923 sinceritate
375 3879 504 3921 summa
520 3859 685 3924 laetentur.
731 3862 804 3924 Per.
