2940 4996
192 421 255 485 170
505 430 723 492 Consecratio
741 427 1036 496 Sanclimonialis.

387 854 715 934 [CONSECRATIO
740 838 1156 942 SANCTIMONIALIS.]

242 1092 335 1156 Ordo
358 1093 512 1175 qualiter
537 1094 825 1173 sanctimonialis,
841 1095 940 1178 uirpo
962 1092 1018 1158 uel
1039 1092 1126 1170 alia,
1142 1093 1262 1177 saciat
1270 1110 1356 1171 pro-

190 1195 386 1276 fessionem,
396 1207 480 1277 post
494 1197 549 1262 uel
562 1199 659 1281 iufra
675 1217 804 1261 annum
812 1197 1047 1278 prolationis.

241 1295 411 1375 Quocunque
416 1299 491 1374 festo
504 1299 633 1372 uoluerit,
648 1299 776 1358 cantabit
788 1298 933 1376 episcopus
946 1296 989 1356 uel
1001 1297 1061 1373 ejus
1074 1294 1202 1355 vicanus
1215 1293 1335 1352 missam
1347 1314 1358 1364 ;

197 1398 223 1449 et
236 1399 301 1449 ante
314 1393 490 1469 eoanpeliurn
510 1393 638 1471 incipiat
652 1392 704 1452 Ps.
719 1393 867 1453 Miserere
887 1393 945 1453 mei
960 1393 1049 1466 Deus,
1063 1402 1128 1450 eum
1146 1391 1251 1451 Gloria
1265 1390 1359 1450 Patri.

198 1485 260 1557 Quo
280 1495 393 1545 comato
414 1488 450 1545 al
472 1488 610 1559 omnibus,
633 1488 748 1547 accedat
762 1487 926 1567 professata
950 1495 1016 1547 ante
1038 1487 1130 1546 altare
1152 1494 1178 1545 ct
1198 1486 1273 1562 ἱεραί
1288 1506 1360 1564 pro·

188 1584 342 1660 sessionem
354 1587 438 1660 tanc,
451 1586 514 1665 ugo
528 1607 619 1658 soror,
634 1588 708 1646 sicut
720 1589 851 1665 superius
859 1595 1053 1664 pareotaturn
1066 1593 1113 1646 est.

238 1682 319 1739 Tunc
332 1681 411 1738 olicat
425 1682 570 1760 episcopus
583 1684 635 1741 lias
649 1683 789 1741 orationes
802 1703 887 1760 stuprer
899 1701 963 1740 eam
971 1688 1160 1759 prostratam.

243 1777 395 1842 Oremus.

245 1881 376 1945 Oratio.
422 1879 559 1956 Praesta,
575 1900 775 1963 quaesumus,
788 1879 1000 1966 omnipotens
1016 1874 1120 1956 Deus,
1130 1875 1214 1942 huic
1225 1874 1361 1941 famulae

199 1989 264 2048 tuse
280 1983 491 2047 renuntianti
507 1983 619 2046 saeculi
636 1983 768 2069 pompis
784 1983 902 2069 gratia
916 1987 983 2047 tuae
995 1982 1122 2065 januas
1136 1980 1274 2065 aperiri,
1290 2001 1366 2064 quae

196 2088 359 2170 'despecto
375 2085 509 2151 diabolo
521 2086 673 2172 confugit
689 2088 751 2152 sub
767 2085 867 2150 titulo
883 2084 1021 2150 Christi.
1065 2085 1154 2149 lube
1169 2084 1362 2148 venientem

196 2191 241 2255 ad
263 2196 297 2255 te
321 2210 440 2253 sereno
463 2189 561 2254 vultu
584 2189 721 2273 suscipi,
737 2210 779 2254 ne
800 2190 841 2254 de
863 2208 905 2254 ea
927 2188 1043 2254 valeat
1063 2187 1220 2253 inimicus
1242 2186 1363 2252 trium-

197 2294 320 2376 phare;
344 2292 455 2357 tribue
471 2291 549 2356 huie
564 2291 777 2376 infatigabile
792 2291 967 2356 brachium
982 2290 1103 2357 auxilii
1117 2291 1167 2356 tui
1180 2313 1189 2367 ;
1212 2294 1361 2355 mentem

200 2399 274 2479 ejus
288 2396 394 2460 lorica
408 2395 486 2458 fidei
508 2396 687 2472 circumda,
704 2399 752 2471 ut,
767 2394 860 2460 felici
875 2415 971 2460 muro
993 2395 1133 2472 vallata,
1148 2395 1309 2459 mundum
1324 2415 1364 2459 se

199 2499 346 2584 gaudeat
369 2498 529 2563 evasisse.
575 2499 641 2564 Per
667 2498 846 2563 Dominum
867 2504 1021 2565 nostrum
1046 2499 1164 2563 lesum
1179 2497 1362 2564 Christum

201 2603 325 2666 Filium
341 2609 447 2666 tuum.

244 2704 396 2769 Oremus.

247 2809 378 2873 Oratio
423 2807 526 2883 Deus,
543 2808 601 2891 qui
623 2808 711 2872 hunc
734 2806 896 2871 famulam
920 2811 1013 2873 tuam
1036 2828 1058 2871 a
1073 2804 1185 2871 saculi
1208 2806 1362 2872 vanitate

200 2931 406 2987 conversam,
423 2910 465 2975 ad
489 2931 639 2995 supernae
661 2910 851 2974 vocationis
873 2909 1031 2974 accendis
1053 2928 1212 2986 umorem,
1233 2910 1364 2993 pectori

198 3017 292 3080 illius
314 3014 521 3100 purificando
544 3013 704 3090 illabere;
728 3018 763 3078 et
784 3014 930 3100 gratiam
958 3013 1082 3097 quain
1108 3018 1143 3077 te
1165 3017 1364 3098 perseveret

199 3120 338 3184 infunde
351 3142 359 3194 ;
382 3122 421 3181 ut
436 3117 656 3202 protectionis
672 3121 737 3182 tuae
753 3118 884 3182 munita
906 3116 1045 3193 auxilio,
1061 3115 1149 3201 quod
1164 3120 1200 3180 te
1215 3115 1363 3181 donante

198 3223 353 3311 promisit
368 3221 516 3306 impleat,
532 3226 567 3286 et
590 3242 657 3284 suae
673 3220 906 3305 promissionis
922 3221 1095 3285 executrix
1111 3216 1243 3297 effecta,
1259 3218 1301 3284 ad
1318 3241 1362 3284 ea

199 3350 270 3413 quae
294 3323 588 3411 perseverantibus
611 3324 770 3409 dignatus
786 3345 823 3389 es
846 3324 1043 3408 promittere
1066 3322 1249 3409 pertingat.
1293 3322 1362 3388 Per

200 3431 381 3496 Dominum
397 3432 549 3490 nostrum
564 3426 585 3490 J
588 3447 693 3490 esum.

246 3534 396 3596 Oremus.

246 3636 380 3701 Oratio.
436 3630 488 3695 Tu
516 3630 679 3696 famulam
709 3635 814 3710 tuam,
846 3650 1046 3715 quaesumus,
1077 3629 1229 3708 Domine,
1259 3631 1361 3697 bonis

200 3741 349 3805 moribus
372 3736 526 3821 placatus
548 3734 698 3811 instruc3
722 3741 760 3799 tu
788 3737 822 3799 in
850 3757 891 3801 ea
918 3736 1006 3820 quod
1028 3734 1092 3800 tibi
1118 3733 1282 3818 placitum
1306 3744 1364 3802 est

200 3845 379 3928 dignanter
403 3838 558 3913 infunde3
583 3843 618 3902 et
641 3845 765 3923 praesta
788 3860 919 3924 semper
941 3840 984 3904 ad
1007 3843 1042 3904 te
1065 3838 1257 3904 totocorde
1281 3859 1362 3905 cou-

200 3965 343 4020 eurrere,
378 3942 439 4007 tibi
478 3941 613 4006 subdita
650 3948 761 4006 mente
797 3943 934 4019 servire,
967 3946 1077 4007 tuam‘
1095 3941 1362 4009 misericordiam

200 4047 373 4113 humiliter
403 4067 555 4121 exorare,
587 4052 625 4110 ut
658 4046 761 4132 digna
795 4047 841 4111 sit
870 4046 931 4132 [et]
959 4050 1020 4111 tua
1052 4045 1214 4111 beneficia
1247 4047 1364 4114 valeat

200 4149 394 4238 promereri.
440 4149 515 4213 Per.

246 4256 378 4320 Oratio.
422 4251 525 4326 Deus,
553 4251 612 4334 qui
639 4273 699 4336 per
730 4256 930 4316 coaeternum
961 4249 1084 4316 Filium
1116 4255 1211 4314 tuum
1239 4259 1363 4319 cuncta

200 4357 332 4433 creasti,
350 4356 472 4440 quique
491 4354 648 4417 mundum
672 4355 895 4419 inveteratum
918 4353 1065 4439 peccatis
1080 4375 1141 4438 per
1164 4357 1362 4439 mysterium
