2940 4996
159 426 221 490 178
477 429 736 491 Benedictiones
753 417 991 502 Episcopoles.

197 629 236 686 In
251 627 360 689 barali·
368 632 568 709 plurimarum
582 631 737 707 circinum.

200 825 419 911 Omnipotens
449 829 623 904 Dominus,
654 824 938 891 intercedentibus
969 819 1096 884 sanctis
1126 814 1314 900 virginibus

158 928 228 991 suis
243 951 303 992 vos
319 929 477 1014 dignetur
492 930 698 1005 benedicere,
714 928 827 1013 quide
843 925 982 1008 antiquo
999 923 1096 984 hoste
1121 939 1188 982 non
1205 915 1310 979 solum

158 1051 218 1112 per
251 1032 352 1110 viros,
386 1055 502 1097 verum
536 1033 637 1098 etiam
668 1052 728 1117 per
764 1031 917 1094 foeminas
950 1025 1059 1089 voluit
1091 1019 1311 1104 triumphare.

160 1134 278 1198 Amen.

201 1235 246 1299 Et
269 1238 325 1321 qui
349 1238 419 1302 illis
442 1237 549 1302 voluit
571 1236 780 1301 centesimi*
796 1235 929 1299 fructus
950 1231 1074 1294 donum
1096 1228 1311 1308 decoremque

159 1337 321 1414 conferre,
337 1360 397 1403 vos
422 1339 578 1422 dignetur
601 1343 635 1403 et
656 1338 814 1403 vitiorum
832 1332 1045 1420 squaloribus
1061 1348 1263 1414 expurgare,
1279 1331 1311 1389 et

157 1440 320 1504 virtutum
335 1440 545 1525 lampadibus
562 1462 736 1505 exornare.
782 1440 900 1503 Amen.

201 1541 371 1624 Quatenus
395 1545 557 1608 virtutum
579 1544 652 1607 oleo
668 1543 718 1608 ita
741 1547 914 1627 pectorum
928 1543 1117 1603 vestrorum
1140 1534 1312 1618 lampades

158 1646 290 1726 possint
313 1646 447 1730 repleri,
463 1652 501 1711 ut
524 1668 598 1710 cum
615 1647 664 1710 eis
680 1647 794 1730 sponsi
809 1644 996 1710 thalamum
1012 1638 1155 1704 valeatis
1171 1637 1309 1723 ingredi.

158 1747 276 1810 Amen.

202 1849 394 1934 Quodipse.

198 2051 367 2112 Benedictio
381 2054 415 2113 cie
429 2074 590 2132 quocunque
604 2057 737 2133 apostolo.

201 2249 447 2315 Benedictionis
471 2271 621 2334 supernas
644 2253 739 2316 vobis
762 2274 859 2336 opem
886 2250 994 2316 sancti
1017 2248 1061 2313 N.
1085 2246 1230 2333 apostoli
1254 2247 1312 2309 im·

155 2359 265 2438 petret
277 2354 396 2429 oratio,
407 2354 503 2436 cujus
514 2355 702 2419 honorificae
711 2355 879 2440 passionis
889 2354 987 2417 hodie
1000 2352 1129 2417 vacatis
1142 2351 1311 2434 obsequio,

156 2457 289 2519 veniam
305 2457 393 2540 apud
408 2457 515 2521 Deum
537 2459 683 2542 peccatis
700 2460 823 2523 vestris
840 2460 994 2522 obtinens
1010 2456 1065 2520 hic
1087 2455 1172 2520 etin
1189 2455 1312 2518 futuro.

159 2559 277 2622 Amen.

201 2661 329 2744 Quique
353 2682 374 2725 a
396 2661 467 2724 Deo
491 2662 690 2745 dignitatem
714 2663 889 2747 apostolici
913 2661 1058 2744 sumpsit
1080 2659 1231 2734 honoris,
1253 2679 1312 2721 vos

157 2767 359 2829 auctoritate
376 2767 561 2850 apostolica
577 2767 726 2830 universi
742 2767 896 2831 absolvat
910 2787 1000 2830 nexu
1016 2763 1175 2839 criminis,
1193 2768 1228 2827 et
1243 2762 1312 2826 Deo

156 2868 366 2951 constringat
383 2889 442 2933 suo
458 2873 596 2952 precatu
611 2869 732 2932 foedere
750 2869 968 2948 sanctissimae
983 2866 1149 2932 caritatis.
1195 2866 1310 2928 Amen.

199 2968 292 3052 Quod
309 2970 392 3053 ipse.

195 3172 360 3230 Benedictio
374 3172 407 3230 de
422 3194 582 3250 quocunque
597 3177 775 3252 occupetistu.

197 3354 356 3416 Precibus
377 3354 466 3416 beati
491 3354 534 3417 N.
551 3356 767 3440 evangelistae
791 3377 973 3441 supervos
994 3354 1157 3419 Dominus
1181 3358 1309 3442 copiam

155 3479 221 3521 suae
238 3456 475 3520 benedictionis
488 3457 650 3534 infundat,
665 3467 699 3522 et
714 3465 834 3523 cuncta
846 3458 950 3523 saluti
962 3464 1080 3521 vestrae
1095 3458 1312 3524 adversantia

156 3587 176 3628 a
191 3563 286 3627 vobis
301 3562 504 3646 propitiatus
519 3562 686 3627 excludat.
730 3565 848 3628 Amen.

198 3666 243 3729 Et
259 3667 315 3747 qui
338 3663 386 3725 illi
403 3664 567 3727 concessit
589 3666 786 3748 praedicandi
810 3664 962 3740 officium,
979 3662 1139 3727 concedat
1162 3665 1310 3729 vobisut

155 3769 229 3851 ejus
244 3768 279 3830 in
296 3766 376 3830 coelo
394 3787 526 3849 semper
541 3767 694 3830 habea-tis
710 3767 925 3830 consortium.
970 3767 1089 3828 Amen.

194 3869 365 3955 Quatenus
378 3868 468 3932 illius
482 3869 624 3958 salutari
636 3870 787 3934 doctrina
802 3868 934 3944 eruditi,
948 3868 995 3932 sic
1011 3869 1134 3932 vivatis
1146 3870 1180 3932 in
1198 3873 1308 3948 terris,

154 3979 192 4036 ut
213 3978 289 4054 post
311 3970 397 4034 hanc
420 3972 524 4036 vitam
541 3971 736 4037 Creatorem
758 3979 907 4037 vestrum
932 3972 1003 4035 sine
1019 3971 1084 4034 fine
1106 3971 1254 4038 laudetis
1274 3976 1306 4036 in

153 4073 255 4137 coelis.
301 4072 416 4134 Amen.

197 4174 288 4257 Quod
305 4174 386 4257 ipse.

151 4348 165 4376 ²*
186 4342 237 4397 MS
250 4342 354 4394 aeterni.
