2940 4996
172 396 234 458 180
488 394 746 458 Benedictionee
762 389 999 473 Episcopalee.

171 621 350 685 supernam
366 600 508 666 intravit
519 601 673 684 patriam,
688 600 734 662 sle
751 618 810 661 vos
826 599 953 681 absque
965 599 1178 681 peccatorum
1198 593 1326 658 laesione

170 709 299 769 aeternae
315 703 488 768 felicitatis
505 703 640 765 intretis
655 700 808 785 gloriam.
854 701 973 762 Amen.

214 805 282 868 Ubi
306 810 340 869 et
363 826 422 869 vos
438 807 571 890 Agnum
595 803 711 866 aeterni
734 803 847 867 Patris
866 801 1039 885 contingat
1053 801 1177 865 intueri
1193 799 1322 873 Filium,

170 928 244 968 eum
270 927 336 990 quo
362 928 482 992 perpes
508 906 603 972 vobis
632 907 675 970 sit
700 906 806 970 beatae
832 905 908 969 vitae
933 903 1068 987 requies
1093 909 1129 967 et
1155 901 1320 987 gaudium.

169 1013 285 1074 Amen.

214 1111 308 1195 Quod
323 1111 407 1194 ipse.

211 1333 380 1393 Benedictio
393 1334 427 1392 de
441 1343 538 1392 sancta
553 1355 640 1392 cruce.

212 1550 314 1625 Deus,
331 1549 388 1633 qui
414 1569 474 1633 per
496 1569 624 1612 crucem
650 1549 816 1633 passionis
840 1569 906 1612 suae
928 1548 1085 1612 mundum
1109 1547 1218 1613 voluit
1239 1549 1321 1612 redi-

168 1672 268 1727 mere,
288 1652 437 1733 ejusdem
462 1654 583 1715 sanetae
606 1651 713 1714 erneis
737 1653 917 1715 munimine
940 1651 1030 1716 mala
1052 1652 1163 1716 omnia
1186 1654 1320 1716 anobis

166 1754 324 1838 dignetur
338 1752 517 1836 expellere.
562 1754 679 1821 Amen.

209 1856 259 1919 Sit
275 1855 371 1919 vobis
384 1859 506 1919 sanctae
519 1856 627 1918 crucis
638 1855 749 1938 gloria
761 1862 877 1921 eontra
893 1877 1007 1921 omnes
1019 1857 1154 1921 semulos
1169 1858 1319 1934 victoria,

164 1966 198 2022 et
224 1979 284 2042 per
306 1957 379 2038 ejus
403 1977 532 2020 sacram
560 1958 810 2021 venerationem
833 1960 929 2023 vobis
948 1958 1113 2024 Dominus
1136 1961 1260 2024 mentis
1286 1967 1319 2025 et

165 2061 314 2144 eorporis
331 2060 481 2123 conferat
498 2059 730 2124 salvationem.
775 2063 895 2126 Amen·

208 2165 342 2228 Mentes
368 2168 499 2226 vestras
526 2161 568 2224 ad
598 2161 748 2226 eoelestia
774 2162 931 2247 dignetur
961 2162 1148 2240 sublevare,
1177 2167 1235 2247 qui
1261 2187 1319 2248 per

165 2289 295 2331 erucem
313 2287 407 2329 suam
423 2286 483 2328 vos
509 2264 615 2328 voluit
635 2265 675 2328 de
691 2265 822 2329 inferno
837 2265 1001 2343 liberare3
1025 2270 1060 2330 et
1081 2266 1127 2331 ibi
1143 2289 1204 2331 vos
1219 2268 1320 2333 faciat

63 2416 66 2422 ,
163 2374 396 2456 postmortem
420 2388 573 2454 regnare,
589 2368 647 2431 ubi
668 2389 785 2433 omnes
809 2369 917 2435 sancti
932 2370 1109 2436 laudantes
1130 2369 1238 2436 Deum
1255 2394 1318 2436 non

163 2479 298 2539 cessant
313 2470 494 2536 exsultare.
542 2471 659 2535 Amen.

207 2576 300 2662 Quod
316 2576 398 2660 ipse.

203 2799 337 2876 Tempore
350 2817 467 2874 puerroe.

205 3012 424 3096 Omnipotens
447 3008 539 3077 Deus
560 3013 684 3077 vestris
707 3012 863 3098 dignetur
877 3015 1052 3102 propitiari
1074 3019 1233 3102 peccatis,
1250 3027 1285 3085 et
1299 3044 1319 3085 a

159 3117 254 3180 vobis
285 3115 419 3180 auferat
451 3122 601 3179 terrores
631 3116 736 3180 totius
770 3117 980 3197 hostilitatis,
1011 3125 1050 3185 ut
1080 3121 1097 3157 '¹‘
1128 3124 1163 3184 in
1200 3145 1317 3189 seeum

159 3217 316 3283 libertate
332 3218 467 3293 firmati,
485 3217 549 3280 sibi
565 3217 698 3281 subdito
713 3219 879 3284 famulatu
894 3221 1102 3287 deserviatis.
1147 3228 1269 3293 Amen.

202 3322 319 3385 Elidat
348 3321 494 3383 omnium
529 3319 799 3384 adversariorum
831 3329 1018 3388 vestrorum
1050 3329 1254 3410 superbiam,
1285 3339 1318 3395 et

158 3425 284 3488 virtute
311 3422 456 3485 dexteree
488 3442 554 3485 suae
586 3427 780 3506 prosternat
809 3425 956 3489 hostium
986 3431 1176 3494 vestrorum
1203 3439 1317 3497 eontu-

159 3523 310 3591 maoiam.
356 3524 473 3587 Amen.

203 3629 342 3692 Mentes
361 3632 494 3690 vestras
510 3630 545 3689 et
560 3644 700 3711 corpora
719 3631 833 3692 vestra
848 3630 1005 3715 potentiae
1028 3653 1095 3698 suae
1111 3656 1173 3700 vos
1188 3639 1316 3703 muniat

156 3733 282 3794 invicta
311 3729 470 3805 defensio,
498 3733 535 3792 ut
566 3729 620 3813 pio
651 3730 715 3793 sibi
745 3751 876 3814 semper
901 3734 1025 3798 affeetu
1056 3738 1243 3803 servientes
1272 3743 1313 3805 ab

154 3833 286 3896 infestis
312 3830 501 3894 liberemini
531 3830 685 3907 inimicis,
717 3837 752 3896 et
782 3833 816 3896 in
847 3855 909 3898 sua
935 3834 1063 3921 jugiter
1095 3842 1209 3924 gratia
1238 3864 1310 3926 per·

157 3933 329 3996 severetis.
375 3932 492 3994 Amen.
573 3965 575 3968 ⁴

200 4033 390 4117 Quodipse.

156 4221 168 4245 ²*
189 4215 240 4268 MS
251 4223 286 4268 et.
