2940 4996
207 443 269 504 102
437 439 688 505 Reconciliatio
705 439 870 504 Ecclesiae
886 437 938 501 vel
957 435 1154 501 Ooemctcrii.

251 646 444 708 Secundum
458 645 600 709 Lucam.
1167 635 1224 718 [vi.
1241 633 1368 719 43-48]

250 748 290 810 In
306 747 363 810 illo
380 752 538 831 tempore,
554 747 649 811 Dixit
664 746 766 810 Jesus
787 744 961 830 discipulis
984 744 1072 818 suis;
1095 741 1173 806 Non
1196 745 1253 805 est
1267 740 1368 803 orbor

207 853 294 914 bona
324 872 394 933 quae
422 851 504 915 facit
532 851 661 914 fructus
691 850 818 914 malos:
853 871 958 933 neque
989 850 1089 913 arbor
1118 845 1209 910 mala
1239 845 1368 908 faciens

204 954 349 1016 fructum
369 955 500 1017 bonum.
547 954 759 1038 Unaquaeque
782 954 869 1017 enim
894 955 993 1017 arbor
1015 953 1049 1014 in
1073 970 1132 1014 suo
1156 949 1269 1012 fructu
1289 968 1368 1031 cog-

205 1059 365 1121 noscitur.
410 1058 530 1141 Neque
557 1059 643 1120 enim
670 1059 709 1121 de
738 1058 842 1142 spinis
869 1058 1032 1143 eolligunt
1056 1057 1163 1120 ficus:
1190 1075 1299 1136 neque
1326 1053 1369 1116 de

204 1162 286 1223 rubo
303 1160 507 1225 vindemiant
522 1182 631 1225 uvam.
677 1162 789 1224 Bonus
804 1162 903 1224 homo
918 1162 959 1225 de
974 1163 1060 1224 bono
1082 1159 1242 1222 thesauro
1257 1156 1369 1220 cordis

206 1263 258 1326 sui
274 1263 401 1345 profert
422 1263 565 1326 bonum:
589 1268 623 1327 et
638 1262 747 1326 malus
768 1265 866 1328 homo
889 1265 929 1328 de
945 1262 1033 1328 mulo
1055 1263 1216 1327 thesauro
1238 1260 1371 1344 profert

205 1364 341 1428 malum.
386 1365 437 1426 Ex
454 1365 658 1429 abundantia
672 1367 759 1429 enim
775 1367 884 1430 cordis
900 1387 938 1429 os
953 1364 1111 1448 loquitur.
1156 1364 1240 1447 Quid
1256 1369 1371 1426 autem

205 1467 332 1530 vocatis
346 1487 409 1541 me,
422 1466 572 1541 Domine,
585 1466 744 1530 Domine:
769 1474 802 1532 et
817 1490 884 1532 non
899 1468 1009 1533 facitis
1022 1489 1092 1550 quae
1107 1466 1203 1531 diool
1251 1465 1370 1530 Omnis

206 1569 262 1651 qui
278 1570 371 1631 venit
386 1570 427 1632 ad
440 1591 491 1632 me
508 1573 541 1633 et
556 1570 649 1634 audit
661 1591 828 1635 sermones
843 1593 935 1635 meos
951 1577 987 1636 et
1000 1571 1081 1635 facit
1092 1591 1167 1634 eos:
1190 1569 1368 1634 ostendam

205 1671 299 1733 vobis
315 1671 367 1733 oui
384 1671 502 1735 similis
519 1673 580 1735 sit:
606 1672 730 1737 Similis
754 1678 805 1738 est
820 1674 944 1737 homini
959 1673 1133 1738 aedificanti
1148 1673 1293 1744 domum,
1311 1672 1370 1754 qui

207 1772 293 1835 fodit
316 1773 350 1836 in
371 1773 477 1836 altum
501 1779 534 1836 et
561 1775 673 1856 posuit
694 1775 946 1839 fundamentum
971 1796 1072 1859 super
1096 1780 1248 1859 petram:
1270 1773 1370 1837 inun-

208 1874 341 1937 datione
368 1879 479 1938 autem
504 1876 604 1952 facta,
631 1876 757 1940 illisum
784 1882 836 1942 est
865 1879 987 1941 flumen
1014 1877 1126 1941 domui
1153 1876 1214 1953 illi,
1241 1881 1276 1940 et
1303 1899 1371 1942 non

208 1976 318 2059 potuit
333 1998 405 2039 eam
422 1998 574 2041 movere:
597 1978 738 2042 fundata
754 1979 840 2042 enim
857 1984 930 2044 erat
946 2001 1046 2064 super
1060 1989 1200 2065 petram.

254 2080 477 2160 Offertoriom.
523 2081 623 2143 Oravi
632 2079 738 2143 Deum
751 2103 860 2145 meum
874 2103 936 2166 ego
947 2080 1068 2146 Daniel
1080 2083 1192 2145 dicens
1205 2103 1212 2144 :
1237 2083 1371 2159 exaudi,

209 2179 360 2257 Domine,
377 2203 493 2264 preces
516 2183 604 2245 servi
627 2183 696 2246 tui:
718 2182 871 2247 illumina
893 2184 1011 2246 faciem
1034 2188 1126 2246 tuam
1151 2205 1251 2268 super
1275 2205 1371 2248 sano-

208 2285 353 2346 tuarium
370 2289 464 2347 tuum
481 2287 515 2347 et
529 2285 693 2368 propitius
707 2285 842 2349 intende
863 2285 1021 2371 populum
1036 2290 1131 2350 tuum
1154 2306 1255 2370 super
1269 2307 1370 2370 quem

209 2387 397 2450 invocatum
414 2391 467 2450 est
481 2408 599 2449 nomen
617 2393 720 2464 tuum,
737 2387 839 2452 Deus.

251 2490 296 2551 Ia
313 2498 458 2568 tempore
474 2490 653 2565 Poscholi,
669 2489 815 2553 alleluia.

253 2594 402 2655 Secreto.
447 2592 529 2655 Haec
550 2592 672 2668 hostia,
689 2613 886 2676 quaesumus,
909 2592 1060 2668 Domine,
1077 2596 1112 2656 et
1132 2590 1242 2655 locum
1264 2592 1368 2657 istum

210 2695 252 2758 ab
268 2694 486 2757 immunditiis
502 2694 691 2777 iniquorum
713 2694 788 2776 (vel
802 2699 943 2779 patratae
967 2694 1175 2778 offensionis)
1193 2699 1371 2778 expurget,

210 2803 245 2863 et
268 2798 527 2882 supplicationes
549 2803 684 2862 nostras
707 2799 811 2863 hicet
834 2798 956 2882 ubique
979 2798 1041 2862 tibi
1062 2798 1181 2861 reddat
1203 2802 1371 2882 acceptas.

209 2902 274 2965 Per
287 2899 475 2963 Dominum.

252 3004 452 3066 Benedictio
467 3004 699 3084 Episcopalis.

254 3107 470 3189 Omnipotens
497 3106 598 3182 Deus,
625 3107 781 3169 universa
808 3105 902 3169 vobi·
929 3110 964 3170 et
988 3106 1022 3168 in
1048 3107 1111 3171 hoo
1141 3105 1268 3190 templo
1296 3107 1371 3190 (oct

211 3209 411 3292 ooemeterio)
427 3209 570 3272 adversa
593 3208 749 3272 excludat
771 3229 810 3271 ac
833 3229 899 3272 suae
924 3229 1106 3293 supernos
1128 3209 1374 3274 benedictionis

210 3312 298 3374 dona
312 3311 515 3394 propitiatus
531 3311 695 3375 infundat.
739 3311 856 3374 Amen.
987 3320 989 3324 ‘

254 3414 363 3478 Corda
374 3413 640 3478 convenientium
657 3412 698 3476 ad
713 3413 799 3475 hano
811 3412 1110 3477 reconciliationem
1128 3413 1251 3477 efficiat
1266 3413 1374 3478 sacris

207 3520 340 3582 intenta
362 3517 533 3593 doctrinis,
557 3537 628 3598 quae
654 3515 785 3600 possint
806 3516 928 3600 repleri
953 3517 1123 3581 beneficiis
1146 3516 1371 3601 sempiternis.

210 3627 328 3685 Amen.

253 3724 424 3806 Quatenus
437 3721 647 3803 exsequenda
663 3720 890 3804 intelligentes
903 3725 938 3785 et
951 3720 1123 3786 intellecta
1138 3727 1375 3806 exsequentes,

209 3825 297 3887 inter
326 3825 467 3886 adversa
500 3822 614 3884 mundi
642 3824 683 3886 ab
715 3824 803 3885 omni
834 3823 930 3886 sorde
964 3827 1173 3907 peccatorum
1204 3825 1374 3909 purificati

208 3925 424 3989 inveniamini
447 3924 638 4001 incolumes,
663 3930 698 3989 et
722 3927 895 3989 beatorum
922 3926 1098 4010 spirituum
1122 3927 1312 3993 efficiamini
1339 3929 1373 3991 in

209 4029 334 4093 coelesti
351 4048 454 4111 regno
478 4029 676 4092 cohoeredes.
723 4030 839 4095 Amen.

256 4130 348 4214 Quod
363 4130 446 4213 ipse.
