2940 4996
482 509 730 574 ORDINATIO
754 509 1067 574 DIACONORUM.

238 674 352 736 Deinde
383 682 514 739 accedam
544 683 785 761 quijgordinaudi
815 691 879 739 suut
910 681 1026 740 diaconi
1054 690 1078 738 et
1108 682 1259 740 sacerdotes
1290 702 1358 738 cunr

197 771 313 828 uestibus
335 775 402 844 suis,
428 783 452 832 et
478 778 616 834 stantibus
644 778 749 835 cunctis
773 777 990 834 archidiaconus
1010 777 1054 833 uel
1076 797 1150 833 uuus
1177 777 1360 833 examinator

195 867 293 940 offerat
306 890 348 926 eos
358 871 491 946 pontifici
504 872 619 940 sedenti,
636 872 822 949 supplicando
837 871 982 928 letaniiliter
995 871 1048 928 isto
1062 872 1152 928 modo.

240 962 393 1027 Postulat
415 976 529 1030 sancta
551 974 658 1030 mater
673 967 825 1030 Ecclesia
841 965 1014 1029 Catholica
1029 971 1209 1047 praesentes
1225 970 1265 1028 ut
1280 965 1361 1029 sub·

196 1063 350 1129 diaconos
366 1068 407 1130 ad
423 1069 574 1145 diaconii,
591 1076 625 1133 et
641 1071 796 1133 diaconos
812 1069 853 1134 ad
869 1069 1065 1153 presbyterii
1081 1089 1165 1130 onus
1182 1068 1358 1132 ordinetis.

429 1242 432 1248 Ι
504 1170 662 1248 Episcopus
675 1172 779 1242 sedeas,
794 1172 947 1245 interropat
961 1191 1032 1229 eunt.

239 1261 309 1326 Scis
326 1270 362 1327 tu
378 1286 435 1328 eos
451 1286 523 1328 esse
540 1267 668 1350 dignos.

589 1368 710 1442 Offereus
724 1389 766 1425 eos
780 1368 951 1444 respondeat.

235 1460 401 1544 Quantum
428 1465 573 1526 humana
599 1463 765 1547 fragilitas
794 1483 892 1525 nosse
918 1463 1008 1536 sinit,
1036 1462 1102 1524 scio
1129 1467 1164 1524 et
1189 1462 1357 1526 testificor

193 1561 283 1643 ipsos
298 1564 415 1648 dignos
432 1586 505 1629 esse
521 1565 562 1628 ad
579 1565 678 1648 hujus
695 1586 777 1628 onus
794 1565 899 1628 officii.

548 1667 707 1743 Episcopus
720 1667 819 1723 stando
834 1667 920 1723 dicat.

237 1759 427 1824 Auxiliante
451 1761 593 1824 Domino
617 1761 688 1824 Deo
714 1768 747 1823 et
773 1761 945 1824 Salvatore
971 1767 1085 1825 nostro
1110 1760 1193 1824 Jeru
1218 1761 1354 1826 Christo

193 1861 347 1945 eligimus
377 1863 438 1926 hos
464 1867 495 1925 in
528 1864 674 1926 ordinem
705 1864 846 1926 diaconii
876 1863 928 1926 vel
957 1864 1162 1947 presbyterii.
1211 1864 1245 1927 Si
1273 1867 1354 1947 quis

193 1969 303 2026 autem
329 1964 431 2028 habet
454 1965 578 2048 aliquid
604 1971 719 2029 contra
743 1986 809 2041 eos,
835 1987 895 2048 pro
921 1964 992 2028 Deo
1019 1972 1053 2029 et
1079 1970 1215 2048 propter
1240 1965 1349 2029 Deum

146 2050 150 2056 ’
193 2071 290 2129 exeat
304 2072 338 2129 et
353 2067 462 2143 dicat3
487 2072 714 2130 verumtamen
730 2088 857 2130 memor
873 2068 917 2131 sit
932 2067 1128 2130 conditionis
1144 2079 1158 2106 ²
1174 2088 1249 2130 suae.

233 2173 378 2231 Prostrato
402 2183 498 2251 postea
527 2174 651 2250 episcopo
680 2183 744 2231 ante
775 2174 863 2231 altare
893 2195 956 2231 curn
987 2175 1171 2231 sacerdotibus
1202 2182 1226 2230 ct
1255 2174 1350 2233 levitis

196 2268 374 2339 ordinandis,
409 2270 567 2346 uscipiatur
595 2269 708 2338 litania,
739 2290 800 2345 quae
827 2270 1009 2326 comnruniter
1035 2269 1116 2326 seruit
1143 2269 1211 2326 aliis
1240 2270 1351 2346 Officiis

196 2363 359 2439 Pontificiis
372 2364 459 2440 iufra.

253 2459 360 2534 Aliqui
389 2459 487 2516 dicunt
515 2459 648 2515 litaniam
674 2459 707 2515 in
730 2459 878 2535 principio
905 2480 987 2536 super
1014 2478 1105 2515 ornnes
1134 2457 1276 2529 Ordines;
1303 2460 1353 2516 sed

206 2554 336 2612 Romana
353 2555 481 2613 Ecclesia
495 2556 541 2612 hic
555 2564 664 2612 tanturn
678 2555 727 2612 icoc
741 2555 820 2611 niodo
834 2554 905 2610 dicit
920 2553 1054 2610 litaniam
1068 2553 1161 2610 istaut.

240 2824 473 2907 Kyri-eleison.
502 2824 749 2888 Christeleison.
777 2822 1013 2907 Kyri-eleison.

195 2938 556 3052 Ξ
615 3016 618 3021 ,

239 3081 370 3145 Christe
383 3084 458 3147 audi
475 3105 544 3148 nos.

193 3198 1028 3313 Q

238 3344 352 3407 Pa-ter
367 3344 406 3405 dc
423 3344 512 3406 coelis
527 3344 668 3418 De--us,
685 3344 884 3406 mi-se-re-re
901 3343 1020 3409 nn-bis.

193 3457 1192 3572 Q

237 3602 316 3664 Fi-li
332 3603 546 3687 Re-demptor
562 3601 672 3663 mundi
688 3601 752 3663 De·
765 3622 819 3663 -us
835 3601 1035 3664 mi-se-re-re
1051 3603 1170 3666 nabis.

193 3714 1063 3826 Μ

239 3858 409 3941 Spi-ri-tus
427 3858 545 3922 Sancte
560 3858 623 3921 De·
634 3881 688 3922 -us
703 3858 903 3920 mi-se-re-re
920 3859 1039 3920 nc-bis.

191 3972 1164 4088 m

238 4115 359 4178 Sancta
374 4114 560 4191 Tri-nitas,
577 4137 677 4179 u-nus
694 4116 757 4178 De·
768 4138 821 4178 -us
838 4116 1036 4178 mi-se-re-re
1053 4118 1172 4183 nobis.

192 4293 256 4345 ¹ad.
278 4289 481 4344 communionis.
