2940 4996
476 414 694 478 Consecrotio
718 417 908 499 Virpiuuni.

154 619 296 684 Domine
313 619 445 684 exaudi.

159 724 205 789 Et
220 724 355 788 clamor.

158 826 322 891 Dominus
339 826 519 891 vobiscum.

160 929 311 994 Oremus

172 1031 331 1097 Famulas
364 1038 451 1110 tuas,
486 1054 684 1117 quaesumus,
719 1033 871 1112 Domine,
902 1039 962 1100 tua
997 1056 1129 1119 semper
1162 1034 1274 1120 gratia

116 1135 301 1212 benedicat,
317 1140 353 1200 et
367 1136 589 1221 inculpabiles
606 1139 648 1202 ad
664 1138 766 1201 vitam
782 1139 945 1222 perducat
959 1143 1128 1204 aeternam.

162 1238 242 1297 Tunc
269 1239 385 1298 accedat
410 1239 490 1316 oirpo
517 1239 556 1297 ad
586 1241 745 1319 episcopum
773 1249 837 1300 oute
863 1241 987 1318 proclum
1018 1241 1130 1313 aitaris,
1156 1248 1274 1298 cantans

118 1333 313 1412 autiphonam.

123 1474 1275 1594 Q

159 1621 294 1687 Ancilla
323 1622 466 1689 chris-ti
496 1645 569 1688 sum
599 1624 696 1690 i-de
712 1641 761 1689 -·o
791 1646 843 1689 me
873 1624 1029 1689 osten-do
1060 1625 1163 1688 ser-vi
1179 1663 1190 1674 -
1207 1625 1273 1689 lem

118 1771 340 1885 bssl

120 1936 320 2000 perso-nam.

159 2019 240 2077 Tunc
253 2019 397 2096 episcopua
409 2017 488 2077 dicat
500 2017 697 2096 antiphonam.

161 2303 300 2368 Summa
322 2303 460 2389 inge-nu
476 2341 489 2352 -
505 2302 545 2366 i·
561 2310 615 2368 tas
637 2303 720 2369 ista
735 2308 798 2379 est,
814 2303 849 2366 in
872 2324 937 2387 qua
954 2302 1114 2367 servi-tus
1135 2300 1275 2367 Chris-ti

120 2599 390 2683 compro-batur.
484 2559 486 2563 Α

161 2703 329 2783 Sequitur
345 2701 534 2764 benedictio
549 2699 741 2765 velaminis.

163 2802 368 2886 Suppliciter
397 2810 442 2879 te,
468 2801 621 2880 Domine,
648 2824 808 2888 rogamus
838 2809 877 2868 ut
903 2824 1005 2887 super
1034 2803 1120 2868 banc
1151 2808 1276 2867 vestem

121 2906 223 2989 capiti
252 2904 384 2970 ancillae
418 2911 483 2969 tuae
513 2906 747 2990 imponendam
782 2907 969 2971 benedictio
999 2914 1060 2971 tua
1089 2906 1281 2992 benigniter

121 3008 312 3085 descendat,
336 3013 371 3072 et
394 3008 441 3073 sit
462 3009 569 3072 vestis
591 3010 660 3073 baec
683 3010 860 3074 benedicta
882 3014 917 3075 et
939 3015 1136 3076 consecrata
1158 3014 1193 3074 et
1214 3009 1275 3072 ima

121 3111 288 3176 maculata
303 3120 339 3175 et
354 3116 473 3176 sancta
488 3111 565 3176 huic
579 3111 709 3177 ancilla
725 3117 802 3178 tuae.
847 3113 913 3177 Per
928 3111 1110 3177 Christum.

158 3215 261 3272 Postea
281 3214 394 3273 accedat
408 3215 448 3272 ud
466 3216 636 3293 episcopum,
651 3224 676 3275 et
697 3216 795 3275 trudat
814 3237 923 3275 cereum
936 3236 1020 3274 suum
1035 3217 1127 3274 alicui
1146 3237 1179 3274 eu
1191 3217 1276 3275 sociis

121 3310 188 3381 suis,
209 3317 235 3367 et
254 3309 408 3368 humiliato
427 3311 520 3388 capite
540 3311 678 3388 suscipiat
695 3312 822 3370 uelamen
841 3312 875 3370 dc
895 3312 1028 3370 mortibus
1049 3312 1183 3391 episcopi,
1204 3312 1279 3388 quod

122 3408 264 3485 episcopus
273 3413 364 3483 ponat
377 3426 461 3483 scepei
473 3413 560 3483 caput
573 3408 641 3482 ejus,
657 3406 762 3465 diceus.

164 3501 298 3585 Accipe,
320 3500 417 3585 virgo
441 3499 577 3577 Christi,
595 3500 755 3577 velamen,
779 3500 986 3586 virginitatis
1008 3505 1045 3566 et
1066 3500 1278 3566 continentiae

122 3605 290 3680 indicium,
316 3624 378 3688 per
402 3604 491 3688 quod
523 3604 668 3689 Spiritus
693 3605 843 3689 ‘Sanctus
873 3604 1090 3688 superveniat
1118 3604 1153 3667 in
1181 3610 1217 3673 te
1245 3615 1279 3670 et

123 3710 229 3774 virtus
253 3708 419 3773 Altissimi
436 3708 483 3772 sit
497 3708 560 3772 tibi
577 3707 809 3773 umbraculum
833 3714 951 3772 contra
974 3715 1092 3773 aestum
1115 3707 1279 3772 malarum

123 3813 356 3887 tentationum,
379 3815 561 3894 praestante
585 3811 701 3875 eodem
726 3809 866 3874 Domino
890 3817 1007 3875 nostro
1029 3809 1113 3874 Jesu
1135 3808 1281 3887 Christo,

124 3917 180 4002 qui
195 3915 280 3980 vivit
296 3920 332 3978 et
346 3921 469 3998 regnat
484 3936 558 3978 cum
575 3914 646 3978 Deo
661 3915 762 3978 Patre
778 3913 812 3976 iu
829 3913 959 3978 unitate
975 3913 1136 3998 ejusdem.

163 4018 245 4090 Quod
264 4017 334 4075 ditm
358 4018 473 4096 occipit,
496 4037 614 4076 monum
637 4018 759 4095 episcopi
782 4016 963 4089 deosculetur,
986 4026 1011 4076 et
1034 4019 1158 4096 incipiat
1181 4019 1279 4077 atatim

126 4113 319 4191 autiphonam.

120 4239 126 4248 ·
168 4208 343 4274 Induitme
354 4208 516 4273 Dominus
527 4205 864 4292 cycladeaurotecta,
876 4209 1280 4276 etimmensismonilibus

129 4311 258 4378 ornavit
272 4332 336 4374 me.
