2940 4996
201 399 242 462 82
480 398 570 462 Ordo
585 397 790 461 includendi
806 397 989 461 Famatom
1007 398 1082 461 Dei.

243 600 359 659 Eciaele
373 600 496 677 incipiat
510 599 643 672 Missam,
659 599 800 677 Requiem
815 608 963 660 aeternam.

246 696 284 753 Ec
293 703 358 772 post
371 695 545 770 evangelium
551 693 646 770 faciat
656 694 863 773 professionem.

243 791 343 847 Postea
353 787 449 865 faciat
469 788 682 846 benedictionem
695 789 807 846 restitas
820 789 887 864 ejas,
902 797 927 847 et
941 788 1044 847 {aanor
1063 807 1126 847 eane
1139 786 1241 846 tabita
1260 785 1360 862 religi-

204 885 276 955 onis,
292 884 319 940 si
338 890 420 941 antea
440 881 543 940 induto
563 882 726 959 nonsaerit,
741 882 847 940 etiams.

246 1044 444 1107 Benedictio
459 1043 741 1105 vestimentorum.

245 1144 408 1209 Dominus
424 1143 607 1208 vobiscum.

249 1252 380 1313 Oratio.
424 1246 526 1322 Deus,
549 1246 606 1329 qui
632 1246 866 1310 vestimentum
894 1245 1043 1312 salutare
1070 1250 1105 1312 et
1131 1245 1363 1309 indumentum

203 1356 331 1414 aeternae
343 1348 563 1431 jocunditatis
578 1346 732 1411 fidelibus
745 1348 814 1412 tuis
829 1348 1025 1432 promisisti,
1041 1347 1252 1412 elementiam
1268 1352 1363 1412 tuam

204 1451 398 1536 suppliciter
421 1471 614 1525 exoramus;
637 1461 674 1512 ut
696 1450 764 1513 haec
786 1450 989 1526 indumenta,
1006 1450 1232 1515 humilitatem
1255 1451 1366 1515 cordis

203 1563 239 1618 et
254 1560 479 1640 contemptum
502 1555 614 1617 mundi
631 1554 864 1638 significantia,
880 1556 1001 1639 quibus
1024 1554 1152 1620 famula
1173 1560 1235 1619 tua
1250 1562 1367 1621 sancto

203 1657 381 1720 visibiliter
406 1663 460 1720 est
484 1655 694 1719 informanda
718 1657 901 1740 proposito,
925 1658 1091 1743 propitius
1115 1657 1305 1735 benedicas,
1328 1662 1368 1723 ut

202 1759 308 1823 beatae
323 1758 490 1822 castitatis
505 1757 655 1821 habitum
672 1778 779 1839 quem,
796 1763 831 1822 te
854 1759 1050 1845 inspirante,
1067 1759 1226 1846 suscepit,
1241 1764 1276 1824 te
1292 1779 1369 1845 pro-

205 1862 350 1944 tegente,
367 1858 543 1923 custodiat.
589 1858 653 1922 Per
667 1858 854 1923 Dominum.

252 1960 403 2024 Oramus.

252 2064 382 2128 Oratio.
427 2061 529 2138 Deus,
541 2064 700 2126 bonarum
715 2063 877 2127 virtutum
893 2069 929 2129 et
943 2065 1087 2129 omnium
1103 2064 1371 2130 benedictionum

204 2167 320 2251 largus
342 2165 479 2240 infusor,
503 2165 620 2228 exaudi
643 2186 757 2248 preces
779 2171 923 2244 nostras,
945 2172 984 2231 ut
1005 2168 1092 2232 hanc
1114 2172 1243 2232 vestem
1270 2186 1371 2250 quam

205 2267 332 2330 famula
343 2272 402 2330 tua
416 2266 461 2331 N.
473 2287 533 2349 pro
545 2267 768 2330 conservando
781 2267 948 2332 castitatis
960 2268 1055 2354 signo
1068 2289 1103 2332 se
1115 2267 1372 2353 adoperiendam

207 2370 324 2453 poscit,
340 2368 533 2433 benedicere
549 2372 585 2434 et
599 2368 806 2434 sanctificare
828 2369 987 2456 digneris.
1031 2373 1097 2436 Per
1116 2371 1288 2437 Christum
1303 2371 1371 2436 Do·

211 2470 336 2532 minum
351 2475 513 2534 nostrum.

256 2571 406 2635 Oremus.

259 2676 388 2737 Oratio.
433 2674 584 2757 Respice,
600 2695 798 2758 quaesumus,
813 2675 964 2756 Domine,
982 2698 1081 2763 super
1102 2679 1188 2742 hanc
1209 2677 1371 2743 famulam

212 2784 305 2842 tuam
320 2785 359 2844 ut
380 2779 586 2864 virginitatis
609 2781 826 2865 propositum,
842 2784 928 2868 quod
951 2788 986 2849 te
1006 2783 1191 2869 inspirante
1214 2782 1374 2867 suscepit,

214 2887 248 2944 te
263 2882 470 2965 gubernante
486 2882 661 2946 custodiat.
706 2884 780 2947 Per.

256 2983 303 3045 Te
328 2983 528 3059 invocamus,
555 2982 705 3059 Domine,
733 2988 847 3049 sancte
876 2985 988 3063 Pater,
1015 2986 1223 3072 omnipotens
1248 2989 1373 3051 aeterne

214 3084 316 3161 Deus,
334 3106 433 3171 super
455 3086 541 3150 hane
557 3086 715 3150 famulam
738 3092 829 3150 tuam
846 3108 917 3171 quae
938 3090 1001 3154 tibi
1017 3090 1110 3154 vovit
1131 3089 1258 3153 servire
1280 3087 1376 3173 puris

215 3190 381 3254 mentibus
402 3189 588 3271 mundoque
612 3189 719 3264 eorde,
735 3194 773 3252 ut
795 3210 868 3253 eam
892 3191 1018 3256 sociare
1033 3191 1181 3276 digneris
1202 3191 1292 3256 inter
1313 3188 1375 3255 illa

216 3296 348 3356 centum
363 3290 584 3375 quadraginta
600 3297 743 3373 quatuor
753 3289 859 3355 millia
874 3291 1050 3357 infantium
1066 3292 1124 3377 qui
1138 3292 1286 3377 virgines
1300 3310 1375 3376 per-

215 3398 411 3458 manserunt
444 3398 478 3456 et
508 3413 544 3456 se
574 3414 647 3456 cum
680 3390 875 3456 mulieribus
904 3416 971 3458 non
1004 3394 1311 3478 coinquinaverunt,
1339 3392 1376 3456 in

217 3517 357 3579 quorum
374 3516 430 3558 ore
445 3515 512 3558 non
527 3499 579 3558 est
594 3494 752 3557 inventus
766 3494 880 3573 dolns3
904 3496 953 3561 ita
968 3517 1048 3580 ergo
1064 3500 1099 3560 et
1112 3495 1199 3559 hanc
1213 3492 1375 3560 famulam

217 3603 310 3661 tuam
332 3597 437 3661 facias
459 3595 632 3679 pervenire
652 3594 898 3660 immaculatam
921 3618 1026 3680 usque
1050 3596 1085 3660 in
1107 3596 1218 3671 finem,
1232 3616 1295 3680 per
1314 3593 1377 3659 im·

217 3698 418 3762 maculatum
445 3696 623 3760 Dominum
649 3701 810 3772 nostrum,
834 3719 908 3761 cum
933 3720 999 3784 quo
1025 3697 1111 3761 vivis
1135 3703 1171 3763 et
1192 3716 1316 3783 regnas
1342 3696 1378 3760 in

220 3801 350 3864 unitate
367 3801 511 3884 Spiritus
528 3799 651 3874 Sancti,
667 3798 769 3874 Deus,
785 3820 845 3882 per
861 3801 972 3864 omnia
987 3798 1116 3865 saecula.

267 3904 398 3968 Oratio.
442 3902 579 3978 Adesto,
598 3901 750 3977 Domine,
767 3902 1064 3986 supplicationibus
1086 3901 1223 3978 nostris,
1238 3905 1274 3967 et
1294 3901 1382 3967 hana

221 4004 375 4070 ancillam
392 4008 484 4068 tuam
507 4004 740 4084 beneffidicere
755 4004 904 4089 dignare,
920 4005 973 4069 cui
988 4005 1023 4068 in
1038 4009 1097 4069 tuo
1119 4008 1235 4068 sancto
1249 4002 1382 4068 nomine

221 4106 372 4171 habitum
399 4110 520 4168 sancta
549 4103 721 4189 religionis
750 4105 989 4190 imfflponimus
1015 4111 1054 4170 ut
1083 4109 1117 4168 te
1143 4103 1321 4190 largiente,
1348 4107 1383 4167 et

221 4208 342 4270 devota
371 4206 405 4270 in
434 4204 575 4269 ecelesia
605 4206 785 4289 persistere
815 4211 850 4272 et
879 4207 982 4271 vitam
1013 4207 1182 4292 percipere
1213 4212 1382 4270 mereatur

221 4316 387 4374 aeternam.
433 4308 498 4370 Per
527 4307 703 4370 Dominum
728 4312 878 4372 nostrum
908 4309 1025 4374 Jesum
1056 4307 1227 4373 Christum
1258 4305 1380 4373 Filium
