2940 4996
480 425 738 488 Benedictiones
757 426 993 508 Episcopales.
1252 436 1314 500 187

204 626 375 710 Quatenus
391 630 498 713 ipsius
513 631 601 714 Agni
618 653 714 714 quem
727 632 784 695 ille
800 633 905 718 digito
922 636 1080 712 ostendit,
1093 638 1141 700 ita
1157 638 1317 703 virtutum

161 729 247 793 lanis
264 733 391 808 vestiri,
409 739 442 797 et
465 734 688 796 innocentiam
710 734 854 799 valeatis
878 736 1016 813 imitari,
1032 744 1070 801 ut
1085 739 1116 802 ei
1139 741 1171 802 in
1188 746 1316 806 aeternae

161 833 275 913 patriae
291 834 454 901 felicitate
469 835 607 921 possitis
623 835 772 922 adjungi.
817 841 935 903 Amen.

205 933 298 1018 Quod
314 937 397 1021 ipse.

199 1117 241 1176 In
254 1120 301 1178 die
315 1123 504 1199 apostolorum
518 1123 601 1182 Petri
614 1133 640 1183 et
653 1125 755 1183 Pauli.

203 1280 384 1348 Benedicat
406 1306 466 1348 vos
489 1284 590 1363 Deus,
608 1287 664 1370 qui
686 1306 746 1349 vos
769 1285 859 1350 beati
883 1286 975 1350 Petri
1000 1287 1221 1356 saluberrima
1241 1313 1317 1356 con·

159 1381 302 1448 fessione
318 1386 352 1448 in
368 1387 602 1453 ecclesiasticae
616 1390 693 1453 fidei
709 1388 865 1453 fundavit
881 1390 1061 1454 soliditate.
1107 1394 1224 1458 Amen.

200 1485 245 1549 Et
260 1509 345 1571 quos
361 1491 451 1554 beati
467 1491 561 1556 Pauli
585 1492 798 1557 sanctissima
813 1492 972 1556 instruxit
994 1493 1236 1576 praedicatione,
1254 1517 1316 1561 sua

158 1594 293 1654 tueatur
307 1594 502 1676 gratissima
516 1596 721 1659 defensione.
766 1597 883 1660 Amen.

195 1691 366 1776 Quatenus
377 1697 497 1760 Petrus
508 1697 743 1777 clave‚Paulus
755 1697 1056 1780 sermone,utrique
1066 1699 1316 1778 intercessione,

159 1795 201 1859 ad
216 1796 308 1860 illam
333 1819 393 1861 vos
409 1804 540 1865 certent
562 1801 706 1886 patriam
730 1800 951 1876 introducere,
967 1801 1009 1865 ad
1031 1823 1131 1885 quam
1152 1802 1214 1881 illi,
1231 1803 1319 1870 alter

159 1917 266 1975 cruce,
281 1899 371 1964 alter
385 1901 509 1986 gladio,
525 1904 688 1968 hodierna
703 1904 756 1967 die
773 1923 966 1988 pervenere.
1012 1906 1129 1968 Amen.

203 2000 294 2084 Quod
312 2004 395 2089 ipse.

198 2169 240 2229 In
255 2172 284 2228 Α
288 2174 459 2251 coemptione
473 2175 571 2234 Beotae
584 2175 701 2234 Marion.

201 2333 304 2412 Deus,
315 2337 372 2419 qui
385 2357 445 2423 per
456 2337 561 2401 beatae
574 2337 690 2402 Mariae
702 2337 855 2422 Virginis
867 2339 1000 2421 partum
1013 2356 1120 2420 genus
1131 2339 1311 2403 humanum

158 2437 316 2522 diguatus
340 2444 394 2504 est
416 2441 591 2517 redimere,
616 2461 678 2505 sua
701 2461 761 2504 vos
787 2441 944 2525 dignetur
966 2440 1198 2504 benedictione
1225 2443 1315 2506 locu-

155 2539 295 2623 pletare.
339 2543 457 2608 Amen.

200 2643 350 2728 Ejusque
368 2666 511 2729 semper
537 2649 571 2710 et
593 2646 716 2731 ubique
743 2645 931 2730 patrocinia
958 2645 1125 2723 sentiatis,
1149 2666 1189 2709 ex
1217 2647 1313 2731 cujus

156 2746 356 2812 intemerato
369 2754 465 2813 utero
479 2756 650 2814 auctorem
660 2751 735 2813 vitae
747 2749 935 2833 suscepisse
946 2771 1005 2812 vos
1016 2749 1159 2814 fideliter
1169 2752 1314 2816 creditis.

155 2851 273 2914 Amen.

199 2953 246 3016 Et
275 2954 331 3038 qui
361 2954 403 3018 ad
435 2954 509 3038 ejus
543 2955 775 3019 celebrandam
809 2954 1029 3018 festivitatem
1063 2955 1226 3020 hodierna
1259 2956 1312 3019 die

157 3055 288 3119 devotis
304 3058 471 3120 mentibus
488 3058 703 3132 convenistis,
717 3056 939 3142 spiritualium
957 3057 1152 3142 gaudiorum
1167 3064 1202 3122 et
1217 3064 1312 3123 acter-

156 3180 276 3222 norum
292 3161 501 3244 praemiorum
519 3161 689 3225 vobiscum
705 3182 845 3225 munera
859 3160 1051 3244 reportetis.
1096 3162 1212 3224 Amen.

200 3261 292 3345 Quod
309 3263 392 3346 ipse.

194 3432 236 3491 In
250 3431 415 3491 Nativitate
429 3434 514 3491 deotae
528 3433 639 3492 Murice
653 3434 785 3509 virginis.

200 3597 419 3681 Omnipotens
435 3597 528 3662 Deus
545 3618 606 3661 sua
621 3618 681 3660 vos
701 3596 859 3680 dignetur
874 3594 1082 3680 protectione
1105 3594 1309 3672 benedicere,

157 3701 212 3785 qui
227 3702 316 3765 hunc
338 3701 424 3764 diem
440 3721 500 3785 per
522 3700 734 3763 nativitatem
752 3704 873 3762 sanctae
889 3698 1004 3762 Mariae
1021 3696 1101 3760 fecit
1116 3697 1312 3761 clarescere.

159 3810 272 3868 Amen.
1096 3804 1099 3814 “

199 3909 241 3972 Et
257 3908 313 3991 qui
329 3927 389 3990 per
404 3927 476 3968 eam
491 3905 617 3969 Filium
630 3925 725 3967 suum
740 3902 849 3967 voluit
864 3902 967 3976 nasci,
980 3902 1053 3984 ejus
1070 3902 1309 3966 intercessione

158 4012 197 4075 ab
213 4010 302 4074 omni
317 4029 377 4072 vos
393 4009 496 4072 faciat
511 4008 715 4072 adversitate
732 4005 875 4069 defendi.
920 4007 1037 4068 Amen.

196 4112 288 4196 Quod
303 4112 338 4174 in
360 4110 517 4195 praesenti
533 4131 601 4174 aevo
625 4111 698 4191 ejus
714 4108 844 4171 meritis
860 4112 896 4171 et
916 4106 1071 4190 precibus
1087 4105 1204 4188 adjuti,
1222 4127 1307 4170 sem·

158 4215 285 4296 piterna
301 4214 445 4279 valeatis
459 4217 637 4299 gratanter
651 4211 814 4275 felicitate
830 4209 967 4293 perfrui.
1012 4212 1131 4273 Amen.

196 4318 288 4402 Quod
303 4318 386 4402 ipse.

239 4422 301 4482 23*
