2940 4996
153 396 217 461 308
485 397 535 460 De
555 397 739 460 Ordinibus
758 396 986 480 conferendis.

491 786 744 854 ORDINATIO
767 786 992 853 LEOTORIS.

196 975 297 1031 Lector
323 995 389 1032 eam
415 976 579 1047 ordonatur,
596 975 675 1053 facit
697 974 731 1032 oie
758 974 809 1032 iiio
832 974 979 1052 episcopas
1002 974 1115 1030 verbam
1143 973 1183 1029 od
1201 973 1311 1052 piebem,

158 1070 291 1126 iade'coos
316 1070 374 1144 ejas
398 1071 489 1144 fidem
511 1091 544 1127 oc
568 1071 658 1128 vitam
681 1077 762 1149 atque
786 1068 937 1144 iaqeaiam
948 1090 960 1138 ;
977 1075 1041 1146 posi
1061 1068 1128 1139 icc,
1149 1075 1313 1146 aspectante

155 1165 268 1242 popolo,
284 1165 380 1222 tradat
393 1166 420 1222 ei
434 1165 557 1223 codicem
571 1165 605 1222 oie
619 1186 673 1242 quo
688 1166 809 1223 lecturas
823 1172 871 1234 esi,
885 1163 1003 1221 decens:

202 1260 334 1341 Accipe,
361 1266 397 1325 et
424 1265 497 1324 esto
528 1261 621 1324 verbi
651 1260 714 1325 Dei
743 1258 879 1333 relator,
905 1258 1094 1332 habiturus,
1121 1258 1148 1320 si
1177 1258 1316 1320 fideliter

161 1360 352 1442 impleveris
376 1362 529 1437 officium,
555 1368 683 1446 partem
706 1382 779 1425 cum
803 1361 856 1423 his
879 1361 934 1443 qui
959 1359 1095 1423 verbum
1119 1357 1183 1422 Dei
1208 1359 1314 1422 minis·

160 1463 334 1527 traverini.

595 1563 733 1640 Praesaiio
747 1564 881 1623 hectoris.

203 1658 343 1742 Eligant
370 1665 403 1721 te
429 1658 554 1722 fratres
580 1658 630 1721 tui
657 1669 696 1721 ut
722 1659 769 1721 sis
794 1657 901 1721 lector
924 1657 959 1720 in
983 1656 1080 1721 domo
1107 1656 1172 1722 Dei
1198 1659 1260 1734 tui,
1285 1664 1316 1722 ei

162 1781 326 1844 agnoscas
351 1760 492 1823 officium
517 1767 622 1837 tuum,
651 1767 688 1823 ut
713 1760 853 1844 impleas
877 1759 979 1835 illud;
1007 1766 1128 1846 potens
1155 1767 1209 1826 est
1234 1763 1315 1825 enim

163 1863 254 1927 Deus
271 1869 309 1925 ut
326 1867 450 1945 augeat
465 1863 525 1924 tibi
542 1863 697 1946 gratiam.
743 1863 817 1928 Per.

582 1963 751 2022 Benedictio
765 1965 896 2040 ejusdem.

206 2058 357 2133 Domine,
375 2063 488 2122 sancte
504 2060 613 2134 Pater,
631 2059 840 2141 omnipotens
861 2064 983 2123 aeterne
1005 2058 1109 2135 Deus,
1125 2059 1314 2124 benedicere

163 2163 312 2246 digneris
349 2161 510 2224 famulum
550 2168 644 2225 tuum
678 2162 767 2224 hune
798 2161 851 2224 ill.
888 2161 923 2222 in
962 2161 1068 2226 officio
1101 2161 1249 2239 lectoria,
1281 2170 1314 2226 ut

165 2265 365 2330 assiduitate
389 2264 569 2328 lectionum
595 2265 776 2328 distinctus
792 2270 892 2348 atque
909 2270 1046 2328 ornatus
1062 2267 1151 2330 curis
1167 2267 1313 2342 modulis,

167 2367 311 2451 spiritali
334 2367 511 2431 devotione
527 2374 626 2453 grata
641 2367 756 2454 lingua
777 2372 912 2432 resonet
928 2366 1084 2434 ecclesia.
1130 2368 1196 2434 Per
1209 2369 1313 2435 Domi·

165 2495 243 2535 num
261 2479 421 2536 nostrum.
