2940 4996
531 405 733 471 Benedictio
756 405 787 466 V
786 407 948 490 irpinum.
1256 407 1321 473 343

202 603 398 668 Consecrctio.

202 700 251 764 Te
274 702 481 780 invocamus,
505 703 660 780 Domine,
686 711 802 770 sancte
826 707 938 784 Pater,
961 705 1174 788 omnipotens
1196 712 1322 772 aeterne

157 802 260 878 Deus,
286 825 388 888 super
409 808 498 870 hanc
522 806 686 871 famulam
710 812 803 872 tuam
831 809 884 872 ill.
912 831 984 892 quae
1007 808 1070 871 tibi
1093 808 1167 872 vult
1190 810 1319 874 servire

156 926 243 988 pura
265 912 378 972 mente
401 909 592 992 mundoque
616 910 725 985 corde,
748 916 785 974 ut
809 932 883 975 eam
908 911 1037 975 sociare
1060 910 1210 995 digneris
1232 913 1323 977 inter

157 1008 219 1072 illa
234 1015 368 1074 centum
385 1013 612 1096 quadraginta
625 1018 771 1096 quatuor
786 1014 893 1078 millia
908 1013 1073 1076 infantum
1088 1034 1161 1096 quae
1174 1015 1324 1100 virgines

158 1121 425 1195 permanserunt,
443 1121 478 1178 et
500 1137 536 1178 se
553 1137 627 1179 curn
644 1117 844 1180 mulieribus
867 1138 935 1180 non
957 1116 1269 1198 coinquinaverunt,
1285 1119 1321 1182 in

158 1236 299 1299 quorum
327 1238 384 1280 ore
407 1216 504 1280 dolus
532 1219 692 1283 inventus
717 1241 781 1283 non
810 1226 882 1298 est;
908 1220 957 1282 ita
983 1225 1017 1284 et
1044 1220 1130 1283 hane
1157 1220 1319 1285 famulam

157 1323 251 1382 tuam
275 1319 381 1383 facias
406 1342 602 1404 permanere
626 1323 876 1387 immaculatam
900 1344 1006 1406 usque
1034 1322 1076 1387 ad
1099 1323 1210 1388 finem.
1256 1326 1321 1389 Pcr

157 1422 410 1488 immaculatum
426 1424 605 1487 Dominum
622 1431 776 1489 nostrum
792 1426 812 1490 J
815 1447 907 1489 esum
924 1426 1109 1491 Christum.
1153 1427 1237 1492 Cum
1253 1450 1319 1512 quo

156 1527 243 1590 vivis
260 1533 294 1591 et
310 1548 433 1612 regnas
448 1528 542 1592 Deus
558 1550 619 1612 per
634 1531 745 1592 omnia
761 1528 881 1594 saecula
899 1529 1105 1595 saeculorum.

201 1629 286 1686 Alia.

201 1723 304 1800 Deus,
319 1729 489 1788 castorum
503 1747 678 1810 corporum
695 1728 861 1811 benignus
877 1728 1086 1792 inhabitator
1097 1732 1132 1793 et
1147 1729 1319 1816 incorrup-

158 1833 268 1892 tarum
304 1835 436 1892 amator
474 1830 682 1905 animarum3
715 1831 772 1913 qui
805 1832 987 1895 humanam
1022 1833 1248 1898 substantiam
1283 1835 1318 1898 in

158 1931 274 2015 primis
291 1931 483 1993 hominibus
499 1932 667 1996 diabolica
682 1933 800 1996 fraude
823 1934 989 2010 vitiatam,
1004 1935 1054 1998 ita
1069 1936 1103 1998 in
1120 1935 1232 2000 Verbo
1249 1946 1320 2013 tuo,

160 2055 221 2117 per
248 2034 337 2116 quod
362 2034 474 2098 omnia
496 2035 588 2099 facta
612 2041 699 2112 sunt,
724 2057 872 2120 reparas,
895 2042 934 2101 ut
957 2058 1031 2100 eam
1055 2059 1121 2101 non
1145 2039 1254 2103 solum
1278 2040 1321 2105 ad

159 2137 272 2223 primae
286 2138 426 2221 originis
442 2137 668 2202 innocentiam
679 2161 829 2214 revoces,
841 2139 898 2202 sed
910 2139 1011 2203 etiam
1025 2138 1067 2203 ad
1080 2141 1322 2224 experientiam

162 2241 369 2325 quorundam
393 2243 557 2304 honorum
582 2263 654 2324 quae
670 2242 705 2305 in
729 2264 815 2305 novo
832 2240 951 2306 saeculo
976 2247 1055 2306 sunt
1079 2243 1234 2307 habenda
1248 2265 1323 2327 per-

160 2346 274 2420 ducas,
307 2351 341 2407 et
373 2345 554 2407 obstrictos
585 2346 694 2408 adhuc
725 2345 924 2408 conditione.
948 2344 1151 2422 mortalium,
1178 2347 1249 2429 jam
1281 2347 1323 2411 ad

164 2448 418 2512 similitudinem
443 2448 602 2531 provehis
630 2448 846 2532 angelorum3
874 2448 1014 2532 respice,
1042 2448 1195 2525 Domine,
1224 2470 1326 2533 super

142 2533 250 2616 'hanc
279 2550 441 2615 famulam
469 2558 562 2613 tuam
586 2550 640 2613 ill.
669 2572 741 2633 quae
769 2551 830 2615 tibi
856 2551 1065 2614 devotionem
1093 2573 1188 2615 suam
1216 2554 1326 2628 offert,

167 2677 187 2719 a
210 2676 274 2738 quo
298 2659 333 2717 et
353 2655 428 2737 ipsa
449 2653 535 2715 idem
560 2659 675 2717 votum
700 2655 852 2738 sumpsit.
900 2653 953 2718 Sit
974 2655 1008 2717 in
1032 2676 1082 2730 ea,
1098 2654 1251 2732 Domine,
1268 2678 1329 2739 per

165 2759 289 2822 donum
308 2757 455 2840 Spiritus
479 2757 529 2818 tui
546 2777 604 2820 cor
620 2758 767 2841 prudens
784 2757 959 2834 modestia,
976 2758 1110 2842 sapiens
1126 2759 1329 2844 benignitas,

166 2861 330 2945 gravitas,
348 2858 485 2935 lenitas,
502 2864 597 2922 casta
620 2859 781 2936 libertas3
804 2860 937 2923 ferveat
959 2861 995 2923 in
1018 2861 1171 2937 caritate,
1188 2869 1223 2925 et
1245 2861 1330 2925 nihil

168 2970 265 3026 extra
280 2969 313 3025 te
330 2961 465 3046 diligat,
478 2962 762 3046 laudabiliterque
779 2965 881 3039 vivat,
895 2969 930 3028 et
945 2964 1074 3028 laudari
1092 2986 1156 3027 non
1173 2972 1332 3050 appetat;

166 3073 201 3131 te
225 3067 353 3141 timeat,
370 3067 432 3129 tihi
449 3087 563 3130 amore
581 3067 728 3142 serviat3
754 3073 792 3131 tu
808 3068 838 3129 ei
853 3068 971 3142 honor,
987 3072 1025 3130 tu
1041 3069 1220 3150 gaudium3
1244 3070 1333 3132 tuin

169 3190 309 3233 moerore
333 3169 502 3246 solatium,
519 3175 557 3233 tu
582 3171 617 3232 in
641 3171 861 3255 ambiguitate
886 3170 1072 3245 consilium,
1094 3178 1133 3234 tu
1155 3171 1191 3234 in
1212 3172 1337 3255 injuria

170 3273 331 3347 defensio,
348 3273 382 3335 in
405 3273 625 3337 tribulatione
647 3275 823 3357 patientia,
839 3274 873 3335 in
897 3278 1097 3357 paupertate
1121 3273 1337 3350 abundantia,

170 3380 205 3440 in
214 3377 345 3460 jejunio
358 3379 463 3453 cibus,
473 3379 508 3440 in
520 3379 718 3442 infirmitate
730 3379 904 3442 medicina.
950 3378 1015 3440 Per
1026 3381 1071 3452 te,
1082 3396 1179 3460 quem
1192 3376 1334 3462 diligere

171 3501 273 3564 super
289 3481 400 3544 omnia
416 3482 555 3565 appetit,
574 3482 661 3564 quod
678 3485 729 3544 est
742 3481 895 3564 professa
907 3479 1087 3554 custodiat,
1100 3484 1138 3542 ut
1154 3483 1188 3544 et
1203 3479 1335 3546 hostem

169 3582 344 3665 antiquum
357 3583 522 3659 devincat,
535 3590 570 3647 et
587 3570 746 3647 vitiorum
763 3585 938 3668 squalores
954 3588 1139 3666 expurget3
1164 3588 1332 3665 quatenus

174 3686 349 3750 centesimi
380 3687 512 3751 fructus
547 3689 633 3751 dono
669 3689 876 3773 virginitatis
910 3686 1071 3761 decorari,
1102 3687 1333 3769 virtutumque

173 3789 388 3871 lampadibus
420 3792 586 3867 exornari,
617 3798 652 3855 et
679 3791 862 3855 electarum
894 3797 1028 3855 tuarum
1055 3787 1225 3872 virginum
1255 3808 1335 3852 con-

175 3891 290 3964 sortio,
308 3897 341 3953 te
357 3891 513 3972 donante,
532 3899 703 3959 mereatur
721 3895 819 3958 uniri.
865 3895 940 3957 Per.
