2940 4996
211 395 253 462 72
603 398 787 465 Dedicoiio
803 398 975 464 Ecclesioe.

207 600 355 657 osinistro
376 601 480 676 capulo
494 600 622 672 orientis,
631 602 729 679 sociat
749 602 897 660 duodecim
917 622 1009 659 cruces
1024 621 1087 658 curu
1105 599 1208 679 pollice
1229 601 1264 659 de
1287 600 1377 660 cbris-

203 702 277 752 uate
290 695 340 750 sub
353 695 406 752 uii.
422 695 550 752 crucibus
558 696 648 772 pictis
661 697 695 754 iu
705 696 874 773 parietibus,
888 696 983 754 diceus
997 696 1030 753 iu
1043 696 1164 772 sinqulis
1178 697 1258 755 locis.

247 790 480 854 Sanctificetur
502 793 563 856 hoc
579 792 739 878 templum
757 814 816 876 per
838 792 938 858 istam
955 798 1105 856 sanctam
1120 793 1316 858 unctionem
1343 800 1377 857 et

201 898 352 955 nostram
373 894 647 970 benedictionem,
663 895 698 957 iu
721 895 854 959 nomine
870 895 981 959 Patris
1005 900 1040 959 et
1062 895 1141 959 Filii
1163 901 1198 960 et
1222 897 1370 982 Spiritus

202 996 326 1060 Sancti.
372 998 489 1059 Amen.

239 1099 320 1156 Dura
334 1099 478 1177 episcopus
484 1098 561 1176 jacit
574 1098 633 1170 boo,
650 1106 777 1157 cuniciur
789 1099 846 1158 boec
860 1099 1029 1177 antiphona.

199 1209 1363 1367 {w

245 1382 273 1447 Ο
296 1406 394 1466 quam
416 1390 523 1447 me-tu
539 1422 552 1432 -
568 1384 673 1446 endus
696 1388 749 1446 est
771 1383 878 1448 lo-cus
902 1385 999 1446 iste:
1019 1404 1111 1446 ve-re
1146 1405 1212 1447 non
1236 1390 1291 1448 est
1312 1385 1366 1448 hic

201 1600 262 1607 -
530 1585 593 1623 ,4
675 1551 1171 1660 -Ιι-Ιῇῑι-Ιμ

201 1674 795 1739 a-li·udni-sid0-musDe-··i
882 1682 917 1739 et
961 1681 1131 1760 por--ta
1161 1677 1262 1741 coe-li.
1290 1714 1296 1725 ‹-

410 1838 1239 1954 ΞῖΕΞΗ--ᾟ-Ι-ᾗῆ

241 1982 415 2046 Psalmus.
461 1984 823 2069 MagnnsDo-minus.
869 2005 940 2048 eu
971 2005 991 2047 o
1021 2005 1043 2046 u
1088 2004 1109 2047 a
1154 2002 1184 2050 e.

238 2101 373 2178 Sequitur
386 2105 477 2161 oratio
492 2111 555 2160 onie
569 2103 668 2161 nitore.

241 2198 404 2262 Dominus
420 2199 599 2263 vobiscum.

245 2303 395 2366 Oremus.

241 2406 456 2490 Omnipotens
469 2404 667 2489 sempiterne
679 2403 779 2480 Deus,
793 2403 934 2482 effunde,
948 2424 1146 2487 quaesumus,
1160 2424 1262 2489 super
1271 2405 1359 2471 bunc

196 2507 304 2571 locum
326 2510 469 2594 gratiam
493 2515 595 2584 tuam,
612 2513 646 2572 et
662 2509 814 2572 omnibus
836 2508 870 2570 in
893 2513 926 2571 te
951 2509 1172 2593 sperantibus,
1196 2511 1360 2576 auxilium

198 2612 247 2675 tui
263 2612 409 2674 muneris
433 2612 587 2686 ostende3
612 2617 649 2675 ut
664 2611 717 2673 hio
740 2616 774 2675 et
790 2615 1072 2674 sacramentorum
1093 2614 1229 2676 tuorum
1251 2615 1360 2679 virtus

145 2729 147 2734 ·
197 2719 231 2778 et
247 2719 399 2778 votorum
414 2714 468 2778 hie
483 2714 672 2778 obtineatur
687 2713 836 2776 effectus.
881 2712 946 2775 Per
960 2711 1151 2777 Dominum.

236 2816 296 2873 Hic
309 2816 497 2874 accenduntur
515 2814 639 2896 [cereoli]
652 2836 735 2892 super
755 2813 938 2891 crucesforis,
954 2822 979 2872 ei
1000 2823 1066 2872 tunc
1080 2814 1194 2873 denium
1214 2817 1358 2893 epredierrs

191 2911 298 2988 praesul
311 2911 359 2969 boc
369 2912 463 2988 ipsunt
477 2921 555 2970 curru
569 2933 632 2971 cum
644 2911 791 2969 chrismate
805 2931 838 2968 iu
852 2911 974 2970 circuitu
987 2909 1105 2969 ccclesioe
1111 2909 1218 2987 sociat,
1230 2913 1357 2973 concredo

196 3008 268 3065 irouc
282 3006 476 3082 antiphoram.

194 3159 1358 3280 W

237 3307 334 3392 La-pi
352 3346 364 3357 -
381 3307 439 3371 des
462 3306 564 3392 pre-ti
581 3342 593 3355 ·
609 3327 627 3369 0
643 3344 657 3356 -
674 3306 702 3369 si
743 3327 858 3369 omnes
873 3306 975 3368 mu-ri
991 3312 1027 3371 tu
1044 3346 1058 3357 ·
1073 3307 1118 3384 -i,
1149 3312 1185 3372 et
1198 3313 1257 3373 tur
1271 3347 1285 3360 ·
1300 3330 1357 3373 res

192 3471 1118 3590 Q

192 3621 213 3686 J
216 3644 248 3686 e·
257 3642 352 3685 rusa
367 3659 380 3669 -
396 3619 461 3682 lem
485 3618 640 3702 gem-mis
670 3641 696 3681 ae
708 3656 721 3667 ·
731 3617 787 3680 di·
808 3618 904 3682 fi-ca
919 3656 932 3668 ·
947 3619 1082 3684 buntur.

405 3783 1195 3907 ——d-u-—u--nffl

236 3931 406 3996 Psolmus.
451 3926 567 3993 Lauda
596 3926 837 3991 Je-ru-sa-lem.
882 3949 900 3992 e
931 3950 953 3991 u
984 3950 1003 3993 ο
1034 3951 1057 3993 u
1087 3950 1109 3993 a
1138 3950 1168 3995 e.

233 4034 273 4092 Ei
287 4033 325 4090 od
339 4032 441 4089 ostium
450 4028 622 4106 perveniens,
639 4027 725 4086 dicat.

236 4127 397 4192 Dominus
412 4124 592 4187 vobiscum.

239 4230 389 4293 Oremus.

234 4333 335 4408 Deus,
352 4329 408 4414 qui
432 4327 515 4392 vivis
531 4331 565 4391 et
588 4326 702 4391 electis
725 4326 890 4413 lapidibus
913 4332 1070 4393 aeternum
1094 4327 1271 4415 Majestati
1285 4337 1351 4402 tuae
