2940 4996
179 424 243 490 252
419 427 638 492 Consecratio
658 425 812 492 Oteoram
830 433 862 490 et
881 420 1098 490 Ohrtsmatte.

742 753 773 825 Ι.

245 955 356 1027 From
373 954 426 1026 the
444 954 654 1050 Pontificotc
670 954 715 1048 of
724 955 777 1027 the
793 952 886 1026 xiith
902 963 1046 1048 century
1062 950 1141 1023 ond
1158 949 1282 1021 others.

227 1153 308 1236 Ipso
324 1153 378 1216 die
394 1152 502 1236 primo
518 1173 616 1216 mane
632 1152 791 1218 custodes
807 1151 956 1218 ecclesia
972 1151 1129 1216 ordinent
1144 1148 1260 1214 omnia
1274 1168 1348 1231 quae

183 1257 228 1322 ad
254 1256 526 1321 consecrationes
553 1256 703 1320 oleorum
735 1261 814 1322 sunt
843 1256 1055 1331 necessaria;
1086 1260 1157 1318 tres
1188 1250 1350 1316 videlicet

183 1360 352 1443 ampullas
364 1360 405 1423 de
417 1359 491 1423 oleo
503 1360 724 1424 mundissimo
736 1360 865 1445 plenas,
876 1380 976 1424 unam
990 1360 1030 1422 de
1044 1358 1115 1421 oleo
1127 1356 1348 1431 infirmorum,

184 1463 329 1528 alteram
352 1462 394 1527 ad
417 1463 678 1526 catechumenos
701 1461 887 1548 ungendos,
903 1462 1042 1526 tertiam
1064 1479 1145 1524 vero
1169 1458 1211 1523 ad
1234 1477 1351 1521 conse-

184 1566 346 1630 crandum
379 1566 526 1630 chrisma
559 1569 801 1650 praeparatam;
836 1564 1083 1650 praevideatque
1117 1561 1272 1646 pontifex
1306 1559 1348 1623 de

185 1672 349 1749 balsamo.
394 1671 613 1756 Unaquaeque
624 1677 737 1736 autem
747 1672 974 1757 ampullarum
985 1665 1351 1734 discretionistitulum

186 1795 289 1859 super
323 1795 359 1839 se
390 1779 509 1840 teneat
540 1776 753 1860 inscriptum,
782 1776 857 1839 Hoc
887 1781 941 1839 est
970 1773 1089 1839 Oleum
1123 1770 1348 1845 infirmorum,

186 1877 305 1944 Oleum
321 1878 363 1942 ad
378 1878 629 1962 baptizandum,
646 1878 766 1943 Oleum
782 1877 987 1943 chrismatis.

241 1981 336 2046 Tunc
366 2003 435 2046 una
464 1988 598 2047 tantum
630 1988 771 2048 sonetur
801 2004 975 2066 campana,
1007 1979 1277 2062 conveniantque
1309 1977 1351 2042 ad

185 2083 362 2171 ecclesiam
385 2085 501 2170 populi
528 2087 642 2171 gratia
667 2087 896 2170 promerendae
923 2083 1146 2150 absolutionis
1174 2082 1246 2147 sive
1273 2102 1352 2146 con·

186 2187 340 2251 sacrandi
364 2187 431 2251 olei
455 2193 490 2253 et
513 2189 718 2254 chrismatis.
765 2190 914 2274 Moxque
943 2210 979 2253 se
1002 2187 1191 2274 presbyteri
1206 2186 1353 2251 induant

185 2291 340 2356 vestibus
357 2292 622 2357 sacerdotalibus
638 2294 680 2357 ad
703 2292 932 2357 deducendum
954 2291 1167 2376 pontificem3
1191 2288 1353 2354 similiter

186 2400 223 2458 et
238 2395 384 2478 quinque
402 2395 419 2431 ³*
435 2394 568 2460 diaconi
583 2396 789 2480 totidemque
807 2394 1003 2460 subdiaconi
1019 2394 1061 2459 ad
1076 2391 1272 2479 peragenda
1288 2391 1353 2456 sibi

184 2497 339 2579 injuncta
361 2498 479 2563 officia.
526 2498 691 2584 Stentque
715 2501 749 2563 in
777 2499 894 2564 ordine
922 2519 983 2563 suo
1006 2497 1130 2583 singuli
1157 2496 1351 2582 praeparati,

185 2603 289 2667 donec
312 2605 427 2669 veniat
451 2604 639 2691 episcopus.
685 2605 813 2671 Cantor
834 2625 915 2671 vcro
937 2604 1160 2669 nihilominus
1182 2603 1218 2667 in
1237 2604 1350 2669 medio

186 2706 288 2768 choro
304 2708 450 2771 vestitus
467 2707 605 2792 incipiat
624 2709 813 2786 introitum,
827 2710 904 2773 Nos
926 2718 1040 2774 antem
1051 2707 1206 2793 ploriari
1214 2728 1228 2786 ;
1250 2728 1351 2792 quem

185 2813 435 2892 prosequantur
462 2812 612 2875 universi
639 2833 713 2876 cum
736 2811 867 2898 psalmo
891 2817 925 2877 et
954 2812 1077 2876 Gloria
1102 2810 1222 2877 Patri.
1268 2811 1350 2877 Pro·

186 2910 347 2995 cedatque
372 2912 549 2998 episcopus
572 2915 615 2978 ad
638 2914 748 2979 altare
771 2937 846 2980 curn
872 2915 1087 3000 processione
1110 2914 1247 2994 festiva,
1269 2937 1353 3003 prae-

185 3014 383 3079 cedentibus
399 3016 565 3081 ministris
578 3039 652 3082 cum
669 3017 877 3095 corciacum
893 3017 1076 3083 thuribulis
1093 3022 1129 3081 et
1143 3018 1351 3105 evangeliis3

184 3116 428 3201 decantatoque
462 3119 575 3202 Kyrie
609 3120 755 3204 eleyson,
789 3120 926 3185 inchoet
961 3120 1115 3205 pontifex
1152 3120 1278 3185 Gloria
1311 3125 1350 3186 in

183 3222 328 3288 excelsis
340 3223 422 3298 Deo,
437 3229 665 3309 sequaturque
678 3224 831 3301 collecta,
843 3226 936 3290 Deua
948 3247 971 3288 a
987 3247 1064 3308 quo.
1109 3227 1204 3290 Tunc
1215 3225 1353 3312 legatur

185 3326 343 3410 epistola,
368 3327 487 3392 deinde
512 3329 663 3413 gradale.
708 3330 914 3395 Procedente
945 3350 1077 3413 quoque
1108 3330 1151 3395 ad
1178 3331 1351 3417 evangeli·

184 3430 325 3494 zandum
350 3431 501 3507 diacone,
529 3432 755 3514 praeferantur
783 3432 967 3497 luminaria
992 3437 1028 3498 et
1057 3433 1231 3500 incensum
1255 3456 1349 3501 mora

189 3529 302 3593 solito.
346 3530 637 3615 Pronuntiatoque
651 3532 840 3616 evangelio,
852 3533 980 3598 inferat
994 3533 1173 3620 episcopus
1183 3535 1353 3601 Dominus

188 3635 359 3696 vobiscum
381 3638 416 3698 et
441 3635 590 3700 Oremaa.
636 3635 702 3699 Hic
727 3640 888 3720 sequatur
909 3636 1131 3724 offertorium,
1148 3642 1183 3702 et
1206 3639 1353 3705 offerant

187 3737 243 3820 qui
279 3737 467 3814 voluerint3
503 3741 582 3821 post
616 3737 685 3802 haec
720 3744 853 3803 secreta
887 3744 1021 3824 agatur,
1052 3747 1088 3804 et
1120 3740 1285 3825 praefatio,
1315 3748 1351 3808 et

186 3843 347 3916 Sanctus,
360 3842 521 3918 Sanctus,
534 3843 696 3904 Sanctus.
741 3840 830 3906 Dum
842 3842 967 3906 dicitur
980 3843 1024 3908 Te
1036 3845 1156 3928 tybur,
1168 3845 1351 3928 procedant

183 3943 225 4006 do
249 3944 399 4008 sacrario
422 3944 570 4007 ministri
594 3944 700 4009 sacris
723 3945 876 4008 vestibus
899 3944 1010 4011 induti
1032 3966 1094 4030 per
1121 3967 1181 4010 sex
1204 3948 1350 4024 ordines,

184 4048 264 4130 quia
275 4070 336 4131 per
347 4069 407 4111 sex
420 4054 538 4113 aetates
552 4049 664 4113 saeculi
676 4049 839 4113 hodierna
855 4056 936 4115 sunt
947 4051 1111 4135 mysteria
1122 4051 1351 4138 praefigurata.

182 4151 222 4214 In
239 4151 346 4235 primo
363 4152 498 4234 quidem
510 4152 625 4216 ordine
641 4152 774 4217 diaconi
791 4153 856 4216 duo
868 4152 1097 4238 praecedentes
1112 4153 1194 4219 bina
1207 4155 1349 4220 efferant

181 4375 199 4409 *
218 4373 431 4445 septam-Etp,
451 4374 567 4442 Wintoa‚
581 4374 656 4427 Lino.
