2940 4996
167 409 229 471 184
486 413 746 477 Benedictionec
762 409 999 493 Episcopatu.

208 613 374 672 Benedictio
383 637 439 693 pro
454 617 582 675 mortuis

213 830 462 897 Benedictionis
479 853 545 897 sua
561 853 737 918 supervos
752 832 984 919 gratissimum
1004 830 1160 896 infundat
1174 829 1328 904 imbrem,

169 940 425 1020 vestrarumque
448 956 585 1020 precum
608 936 821 1001 devotionem
848 939 882 1000 et
905 938 1119 1022 peccatorum
1143 932 1330 998 clementer

170 1037 332 1121 suscipiat
347 1037 602 1102 confessionem.
646 1039 766 1103 Amen.

215 1140 387 1224 Quatenus
402 1141 675 1206 miserationibus
695 1141 803 1227 ipsius
826 1142 1066 1225 promerentes,
1083 1136 1330 1203 absolutionem

172 1243 289 1306 animae
312 1242 431 1307 famuli
455 1244 517 1319 sui,
534 1264 595 1329 pro
619 1245 716 1329 cujus
740 1243 934 1309 excessibus
952 1242 1142 1307 orationum
1166 1243 1203 1304 et
1224 1238 1331 1302 hosti-

171 1364 266 1407 arum
282 1345 476 1429 impenditis
487 1347 658 1430 juvamen,
674 1351 804 1412 coternae
820 1346 996 1412 felicitatis
1020 1342 1209 1430 impetretis
1224 1340 1329 1426 porti·

173 1469 280 1512 onem.
325 1450 443 1513 Amen.

216 1551 266 1615 Ut
282 1573 355 1615 cum
378 1553 451 1616 dies
467 1553 610 1618 extremi
626 1552 791 1618 examinis
815 1551 961 1617 terribili
976 1551 1110 1617 turbine
1132 1547 1333 1612 universum

172 1656 380 1721 concusserit
401 1657 525 1732 orbem,
547 1656 656 1740 ipsum
675 1676 736 1740 pro
760 1676 825 1739 quo
849 1676 937 1719 nune
961 1655 1081 1719 devote
1103 1652 1329 1727 intervenitis,

172 1757 317 1822 coelestis
332 1756 474 1844 [gloriae]
490 1759 638 1824 cernatis
658 1759 868 1843 participem,
885 1761 1011 1822 etcum
1032 1756 1186 1821 omnibus
1202 1754 1332 1820 sanctis

171 1860 279 1924 Deum
304 1859 459 1925 videntes
485 1861 571 1925 facie
596 1861 639 1926 ad
662 1861 792 1937 faciem,
815 1860 1015 1943 promissam
1039 1856 1330 1925 immarcescibilis

173 1958 288 2042 gloriae
303 1959 448 2026 feliciter
463 1963 660 2049 percipiatis
675 1962 917 2028 hereditatem.
962 1961 1079 2028 Amen.

217 2062 310 2146 Quod
326 2064 409 2151 ipse.

213 2287 252 2345 In
266 2287 312 2346 die
328 2286 454 2346 Posotoe.
499 2288 674 2349 Benedictio.

218 2502 400 2568 Benedicat
431 2525 490 2568 vos
520 2505 733 2592 omnipotens
764 2506 867 2586 Deus,
894 2508 1056 2573 hodierna
1084 2505 1331 2571 interveniente

174 2607 326 2690 paschali
337 2608 573 2686 sollemnitate,
583 2615 618 2674 et
633 2611 676 2674 ab
693 2611 780 2675 omni
794 2612 973 2678 miseratus
982 2612 1139 2696 dignetur
1151 2608 1332 2672 defendere

173 2709 352 2795 pravitate.
396 2711 515 2774 Amen.

216 2815 262 2878 Et
277 2814 334 2898 qui
350 2815 391 2879 ad
407 2819 565 2878 aeternam
581 2815 684 2880 vitam
701 2816 736 2879 in
748 2818 923 2903 Unigeniti
939 2818 990 2882 sui
1006 2816 1255 2882 resurrectione
1271 2835 1330 2878 vos

174 2926 320 3005 reparat,
338 2921 372 2984 in
388 2921 494 3005 ipsius
517 2921 661 2986 adventu
680 2923 947 2991 immortalitatis
962 2945 1023 2989 vos
1044 2923 1180 3009 gaudiis
1194 2920 1331 2986 vestiat.

173 3027 291 3090 Amen.

215 3125 265 3189 Ut
280 3126 347 3208 qui,
365 3124 511 3210 expletis
525 3123 729 3210 jejuniorum
747 3151 813 3193 suae
828 3129 997 3215 passionis
1012 3127 1183 3194 dominica
1199 3126 1328 3199 diebus,

170 3229 339 3314 paschalis
361 3229 440 3292 festi
467 3229 590 3313 gaudia
614 3229 802 3308 celebratis,
824 3232 867 3296 ad
891 3253 932 3297 ea
954 3233 1044 3297 festa
1066 3252 1137 3314 quea
1160 3251 1228 3294 non
1251 3236 1330 3293 suut

172 3354 284 3396 annua
315 3331 373 3396 sed
404 3333 571 3409 continua,
599 3333 672 3418 ipso
699 3330 897 3419 opitulante,
925 3334 1176 3400 exsultantibus
1207 3332 1330 3399 animis

173 3435 327 3498 veniatis.
372 3435 491 3498 Amen.

217 3537 310 3622 Quod
326 3537 407 3622 ipse.
453 3538 571 3600 Amen.

213 3760 252 3819 In
266 3761 313 3818 die
326 3760 517 3819 Ascencionis.
560 3760 737 3820 Benedictio.

216 3974 396 4039 Benedicat
420 3995 480 4038 vos
506 3976 716 4061 omnipotens
737 3977 840 4056 Deus,
862 3981 959 4064 cujus
981 3979 1143 4045 hodierno
1167 3982 1222 4048 dio
1246 3983 1327 4049 Uni·

174 4080 309 4165 genitus
325 4076 482 4142 coelorum
504 4078 575 4143 alta
594 4082 793 4165 penetravit,
811 4086 845 4146 et
866 4084 972 4161 vobis,
988 4085 1043 4150 ubi
1059 4085 1117 4149 ille
1134 4091 1197 4163 est,
1214 4108 1330 4152 asceu-

175 4183 272 4248 dendi
289 4181 415 4246 aditum
433 4182 603 4265 patefecit.
649 4186 766 4248 Amen.

220 4285 388 4351 Concedat
419 4287 585 4370 propitius
620 4296 666 4364 ut,
699 4289 785 4352 sicut
815 4294 892 4373 post
923 4291 1201 4356 resurrectionem
1235 4315 1328 4358 suam
