2940 4996
200 395 241 455 28
562 400 744 461 Ordinatio
761 399 1001 461 Diaconornm.

244 600 429 665 Diaconos.
476 603 666 667 Flectamus
681 626 798 688 genua
845 605 979 668 levate.

242 703 444 767 Benedictio
459 707 689 782 diaconorum,
706 709 929 770 convertendo
944 729 979 771 ae
994 709 1043 769 ad
1059 728 1124 770 eoa.

249 804 380 867 Oratio.

246 905 386 981 Exaudi,
402 906 551 983 Domine,
567 930 682 993 preces
704 916 849 984 nostras,
865 916 899 973 et
920 931 1020 995 super
1034 911 1097 971 hos
1120 909 1265 972 famulos
1288 916 1365 974 tuos

203 1006 361 1089 Spiritum
373 1015 437 1071 tuae
452 1005 725 1078 beneffldietionis
741 1013 874 1087 emitte;
896 1018 944 1087 ut,
960 1012 1085 1075 coelesti
1102 1033 1237 1074 munere
1255 1012 1367 1087 ditati,

202 1115 237 1171 et
260 1115 324 1172 tuae
346 1111 489 1194 gratiam
512 1113 699 1192 majestatis
721 1114 852 1196 possint
873 1115 1054 1198 acquirere,
1070 1122 1105 1177 et
1127 1116 1210 1177 bene
1232 1113 1365 1178 vivendi

202 1210 277 1274 aliis
293 1213 477 1295 exemplum
493 1217 647 1297 praebere,

202 1315 340 1397 lependo
355 1318 521 1381 submissa
536 1340 624 1392 voce,
760 1383 764 1388 .

202 1437 261 1498 per
289 1417 465 1481 Dominum
496 1429 646 1482 nostrum
675 1420 791 1484 Jesum
825 1421 995 1484 Christum
1025 1419 1147 1484 Filium
1178 1425 1275 1482 tuum
1306 1419 1362 1502 qui

201 1525 308 1581 tecum
335 1520 416 1583 vivit
439 1529 473 1584 et
496 1528 623 1606 regnat.
670 1523 708 1584 In
734 1523 862 1586 unitate
895 1522 1045 1605 ejusdem
1073 1520 1217 1606 Spiritus
1247 1521 1363 1585 Sancti

204 1619 305 1684 Deus.

243 1724 412 1804 Proesatio
432 1724 618 1789 enaitando
633 1748 754 1790 vocem.

244 1980 308 2043 Per
323 1981 426 2042 om-ni
441 2020 455 2031 -
471 2003 492 2045 a
507 1983 657 2048 sae-eu-la
672 2004 773 2046 sae-uu
784 1981 921 2045 vlo-rum.

244 2236 435 2302 Do-mi-nus
452 2240 661 2304 vo-biscum.

200 2354 580 2469 ᾖ

247 2500 384 2563 Sursum
401 2499 525 2563 eor-da.

245 2759 354 2823 Gra-ti
369 2796 382 2807 ·
398 2778 436 2821 as
452 2778 531 2842 a-ga
545 2797 558 2807 -
574 2780 682 2834 -mus,
698 2759 809 2822 Domi
819 2797 832 2807 -
842 2780 884 2821 no
915 2759 964 2821 De
981 2796 994 2807 -
1010 2779 1029 2822 ο
1045 2764 1187 2821 nos-tro.

200 2893 1362 2968 Q

243 3019 349 3083 Ve-re
372 3019 507 3102 dignum
530 3021 564 3079 et
581 3017 711 3099 justum
734 3024 796 3091 est,
816 3037 944 3099 aeqnum
967 3022 1002 3079 et
1024 3015 1138 3078 sa-lu·
1151 3020 1188 3078 ta
1202 3051 1216 3063 ·
1231 3035 1279 3090 re,
1295 3035 1359 3076 nos

199 3143 1358 3240 ..ὦ

201 3299 277 3363 ti·bi
300 3315 431 3378 semper
450 3300 484 3356 et
506 3292 657 3374 ubi-que
679 3291 805 3375 gra-ti·
818 3311 856 3354 as
875 3311 1016 3375 a-ge-re,
1038 3288 1208 3353 Domi-ne
1232 3291 1360 3362 sanate,

200 3414 1360 3514 w

200 3519 1363 3549 ,,,..------.---

201 3580 315 3643 Pa-ter
338 3570 586 3652 omni-potens,
608 3572 743 3629 aeterne
766 3564 815 3628 De
828 3585 903 3640 -us,
924 3564 1115 3626 ho-no-rum
1137 3560 1250 3624 da-tor
1272 3559 1361 3621 ordi·

202 3867 359 3932 num-que
382 3844 484 3908 distri·
494 3844 538 3905 bu
550 3847 618 3904 -tor
640 3861 678 3904 ae
701 3840 817 3903 of-fi-ci
828 3877 840 3887 -
851 3859 973 3902 0-rum
989 3836 1224 3920 dis-positor,
1240 3835 1309 3919 qui,
1326 3837 1361 3900 in

202 3985 1362 4065 -Ι-Η-

203 4069 1360 4095 ..-..-——-——————--———

201 4132 235 4189 te
259 4140 420 4195 manens,
436 4118 514 4180 inno
530 4154 542 4165 -
559 4136 618 4178 vas
636 4113 785 4189 omni-a,
801 4117 835 4175 et
857 4118 977 4175 cuncta
991 4109 1169 4194 dis-ponis
1191 4131 1252 4193 per
1272 4109 1361 4174 Ver-

205 4339 1359 4370 ’.ἒ-*Μ

203 4404 292 4474 buin,
311 4398 490 4470 virtu-tem,
507 4394 592 4476 sapi
605 4430 616 4439 -
628 4391 847 4474 enti-amque
869 4394 907 4453 tu
924 4427 936 4438 -
952 4409 1016 4463 am,
1032 4385 1160 4450 Je-snm
1177 4382 1362 4462 Christum,
