2940 4996
504 433 763 498 Benedictioacs
780 436 943 499 Dicerem.

500 742 775 808 BENEDIOTIO
798 744 966 810 DOMUS.

199 929 338 1004 Adesto,
361 926 513 1004 Domine,
537 929 835 1014 supplicationibus
858 931 996 1006 nostris,
1014 937 1049 995 et
1071 931 1158 996 hano
1181 930 1311 993 domum

157 1031 285 1094 serenis
316 1031 422 1094 oculis
453 1038 517 1094 tuae
544 1032 681 1116 pietatis
711 1032 863 1110 illustra3
893 1033 1084 1110 descendat,
1109 1053 1310 1118 quaesumus,

157 1155 257 1218 super
277 1136 469 1199 habitantes
485 1136 519 1198 in
543 1156 584 1199 ea
599 1136 715 1220 gratiae
739 1141 803 1200 tuae
819 1137 918 1222 larga
932 1137 1131 1214 benedictio,
1147 1137 1236 1202 utin
1260 1137 1310 1198 his

157 1238 372 1301 manufactis
394 1238 594 1302 habitaculis
617 1260 690 1302 cum
707 1238 906 1304 salubritate
929 1245 1112 1318 manentes,
1128 1239 1195 1325 ipsi
1219 1246 1311 1304 tuum

158 1362 289 1424 semper
304 1341 373 1404 sint
388 1340 627 1404 habitaculum.
672 1341 746 1406 Per.

197 1442 283 1501 Alia.

199 1539 331 1603 Exaudi
346 1560 419 1615 nos,
432 1538 582 1613 Domine,
596 1545 710 1604 sancte
726 1541 837 1617 Pater,
854 1541 1063 1626 omnipotens
1075 1546 1200 1605 aeterne
1213 1539 1311 1614 Deus,

157 1649 196 1707 ut
211 1643 240 1707 si
256 1664 320 1726 qua
336 1649 416 1707 sunt
438 1641 589 1718 adversa,
605 1643 635 1705 si
657 1664 723 1726 qua
745 1646 923 1720 contraria,
938 1645 974 1708 in
996 1645 1061 1709 hac
1076 1644 1174 1709 domo
1196 1642 1311 1707 famuli

158 1746 208 1810 tui
224 1746 276 1809 ill.
294 1745 496 1809 auctoritate
512 1746 701 1828 majestatis
717 1751 781 1810 tuae
797 1745 977 1831 pellantur.
1022 1748 1097 1811 Per.

426 1916 593 1981 ORATIO
616 1915 799 1982 CONTRA
821 1918 1048 1984 FULGURA.

197 2107 333 2165 Primum
346 2115 502 2185 sporpotur
515 2126 591 2182 aqua
606 2106 760 2178 benedicta,
776 2115 802 2165 et
810 2116 909 2185 postea
923 2107 1040 2165 dicatur
1052 2108 1109 2165 ista
1122 2107 1227 2167 oratio.

201 2204 418 2288 Omnipotens
442 2203 644 2285 sempiterne
666 2202 768 2279 Deus,
791 2225 890 2286 parce
917 2203 1156 2278 metuentibus,
1181 2208 1216 2267 et
1241 2223 1311 2286 pro·

157 2307 278 2392 pitiare
310 2305 525 2391 supplicibus,
557 2309 596 2367 ut
626 2309 704 2388 post
733 2305 853 2369 noxios
883 2305 979 2391 ignes
1010 2306 1148 2370 nubium
1183 2311 1218 2370 et
1248 2306 1310 2368 vim

156 2410 388 2495 procellarum,
403 2408 439 2472 in
460 2406 637 2470 materiam
657 2412 812 2472 transeat
832 2407 942 2473 laudis
966 2409 1181 2474 comminatio
1203 2415 1309 2495 potes·

158 2519 250 2577 tm
295 2513 371 2575 Per.
432 2612 597 2677 calmo
620 2613 731 2677 ross
754 2614 1035 2680 mosomum.

197 2804 337 2879 Adesto,
364 2803 518 2879 Domine,
546 2802 653 2866 officio
679 2809 802 2869 nostrae
830 2804 1017 2879 servitutis,
1041 2803 1121 2887 quia
1146 2809 1186 2868 tu
1213 2805 1311 2890 pedes

153 2910 269 2974 lavare
278 2908 438 2992 dignatus
448 2929 484 2971 es
494 2912 629 2971 tuorum
639 2907 887 2992 discipulorum,
898 2930 1000 2994 opera
1009 2930 1169 2973 manuum
1179 2914 1310 2974 tuarum

154 3036 195 3080 ne
219 3014 393 3098 despicias,
410 3033 482 3095 quae
505 3011 603 3074 nobis
625 3012 802 3091 retinenda
824 3013 1002 3090 mandasti,
1019 3017 1054 3077 et
1076 3013 1165 3078 siout
1187 3013 1243 3078 bic
1259 3034 1311 3076 ex·

154 3118 282 3182 teriora
305 3115 490 3180 abluuntur
504 3113 767 3197 inquinamenta,
784 3114 832 3178 sic
855 3136 876 3179 a
898 3121 932 3180 te
953 3115 1098 3181 omnium
1122 3124 1310 3182 nostrorum

154 3221 319 3286 interiora
334 3223 521 3304 purgentur
537 3222 684 3302 peccata.

200 3324 293 3409 Quod
308 3323 390 3408 ipse.

359 3441 527 3507 ORATIO
550 3440 612 3505 AD
635 3440 826 3507 AOAPEM
849 3442 1112 3507 PAUPERUM.

198 3637 261 3713 Da,
278 3654 477 3719 quaesumus,
492 3631 646 3707 Domine,
672 3632 797 3696 famulo
820 3639 879 3697 tuo
902 3631 967 3707 m,
991 3636 1130 3717 sperata
1152 3634 1309 3720 suffragia

155 3743 317 3815 obtinere,
333 3744 372 3802 ut
388 3738 446 3822 qui
462 3743 539 3800 tuos
562 3757 728 3821 pauperes
751 3737 805 3800 vel
829 3742 907 3801 tuas
931 3735 1091 3800 ecclesias
1114 3738 1307 3812 muneravit,

157 3851 349 3912 sanctorum
380 3841 526 3905 omnium
556 3840 656 3903 simul
687 3847 722 3905 et
752 3841 844 3906 beati
873 3838 1049 3905 Laurentii
1076 3840 1236 3924 martyris
1261 3839 1306 3905 tui

154 3954 325 4014 mereatur
341 3946 520 4023 consortia,
537 3946 632 4029 cujus
648 3950 701 4008 est
717 3944 871 4028 exempla
887 3947 1033 4008 secutus.
1078 3942 1155 4006 Per.
