2940 4996
491 419 542 482 De
562 419 747 484 Ordinibus
766 420 999 505 Consereudis.

482 793 731 860 ORDINATIO
753 793 998 862 AOOLYTHI.

203 977 361 1054 Acotythus
381 998 445 1035 curu
465 978 628 1050 ordinatur,
639 978 771 1056 primurn
792 979 827 1036 cb
847 979 974 1058 episcopo
994 981 1128 1038 doceatur
1141 982 1265 1059 qualiter
1283 983 1314 1040 in

162 1074 249 1149 <syricio
262 1094 311 1131 suo
332 1094 413 1148 oyere
425 1073 541 1143 debeat;
561 1074 609 1130 sert
623 1074 657 1130 al>
678 1074 879 1132 archidiacono
893 1076 1018 1152 accsysict
1038 1075 1242 1153 ceroferarium
1256 1097 1317 1136 cum

161 1188 246 1238 cereo,
258 1176 290 1225 ut
302 1167 373 1225 sciat
386 1189 413 1225 se
425 1168 463 1224 oet
474 1168 652 1225 accendenda
663 1168 780 1226 ecclesiae
791 1169 952 1228 luminaria
962 1171 1136 1249 mancipari.
1179 1171 1315 1248 Accipiat

160 1272 185 1321 et
206 1263 348 1321 urceolum
369 1283 490 1321 emaum
512 1263 550 1320 cut
568 1262 753 1339 fundendum
777 1265 876 1322 virium
905 1265 937 1322 ire
966 1264 1157 1325 Eucharistia
1181 1267 1314 1346 Corporis

162 1358 280 1417 Christi.

594 1451 734 1528 Praefatio
747 1452 891 1529 Acotyttt.

203 1547 421 1631 Omnipotens
437 1546 637 1630 sempiterne
660 1545 762 1621 Deus,
778 1546 854 1610 fons
870 1546 955 1610 lueis
979 1553 1014 1611 et
1029 1547 1124 1632 origo
1139 1548 1313 1624 bonitatis,

159 1649 214 1732 qui
232 1670 291 1732 per
305 1649 326 1712 J
329 1670 421 1712 esum
439 1648 610 1712 Christum
625 1648 747 1711 Filium
763 1654 868 1724 tuum,
885 1649 997 1712 lumen
1015 1670 1140 1725 verum,
1155 1652 1313 1715 mundum

157 1750 366 1827 illuminasti,
384 1751 522 1834 ejusque
538 1751 708 1834 passionis
723 1750 884 1836 mysterio
906 1750 1077 1816 redemisti
1087 1775 1097 1829 ;
1120 1753 1314 1819 benedicere

154 1855 303 1938 digneris
326 1855 414 1917 hunc
436 1853 599 1917 famulum
622 1859 718 1918 tuum
741 1854 793 1916 itt.
818 1875 915 1938 quem
941 1854 975 1918 in
999 1854 1146 1939 acolythi
1170 1858 1313 1922 officium

156 1977 400 2032 consecramus,
424 1961 600 2040 poscentes
627 1962 720 2021 tuam
744 1956 966 2032 clementiam,
990 1962 1027 2020 ut
1049 1959 1124 2041 ejus
1146 1958 1260 2024 lumen
1282 1965 1316 2026 et

156 2065 301 2124 mentem
326 2060 466 2123 seientia
487 2058 650 2135 illustres,
668 2064 702 2122 et
717 2059 856 2143 pietatis
871 2065 936 2123 tua
959 2081 1034 2124 rore
1057 2060 1190 2146 irriges,
1207 2069 1246 2128 ut
1267 2064 1315 2128 ita

156 2168 349 2247 perceptum
379 2161 602 2226 ministerium
633 2168 666 2225 te
698 2161 882 2226 auxiliante
913 2167 1063 2247 peragat,
1094 2163 1243 2246 qualiter
1272 2166 1312 2229 ad

155 2271 313 2330 aternam
329 2265 635 2328 remunerationem
652 2264 826 2349 pervenire
841 2271 1022 2329 mereatur.
1066 2266 1132 2330 Per
1147 2253 1297 2334 eundem.

563 2367 732 2426 Benedictio
745 2368 890 2445 Acolythi.

196 2463 350 2538 Domine,
375 2467 489 2527 sancte
517 2463 630 2537 Pater,
653 2462 864 2545 omnipotens
890 2468 1014 2527 aeterne
1040 2462 1142 2539 Deus,
1167 2464 1225 2548 qui
1252 2487 1312 2550 per

153 2565 270 2630 Jesum
295 2564 464 2630 Christum
480 2564 604 2629 Filium
625 2570 719 2626 tuum
736 2565 770 2626 in
794 2567 881 2628 hune
902 2565 1061 2628 mundum
1084 2564 1199 2630 lumen
1214 2567 1310 2632 elari-

152 2669 235 2732 tatis
251 2666 383 2743 misisti,
400 2667 484 2731 etin
508 2688 605 2730 eruce
622 2666 870 2749 passionis'suee
889 2666 1094 2750 triumphum
1111 2670 1307 2754 sanguinem

154 2777 189 2834 et
204 2790 325 2852 aquam
341 2791 383 2831 ex
407 2768 512 2832 latere
529 2790 589 2852 pro
612 2789 736 2852 genere
759 2769 903 2832 humano
926 2769 1086 2853 dignatus
1102 2791 1139 2834 es
1161 2771 1309 2849 fundere,

153 2878 187 2936 et
210 2891 269 2954 per
292 2870 463 2953 apostolos
489 2877 567 2936 tuos
590 2871 624 2933 in
647 2871 709 2935 hoc
733 2870 851 2935 saeculo
871 2870 984 2935 lumen
1006 2873 1124 2956 gratiss
1148 2874 1309 2958 spiritalis

152 2973 292 3048 misisti;
315 2973 365 3036 ita
387 2974 583 3037 benedicere
609 2972 758 3056 digneris
784 2973 871 3036 hunc
893 2972 1057 3036 famulum
1078 2979 1174 3039 tuum
1197 2977 1252 3041 ill.
1275 2977 1307 3041 in

154 3077 259 3141 officio
282 3075 428 3158 acolythi
451 3080 490 3138 ut
512 3074 582 3159 (ad)
610 3075 854 3139 accendendum
881 3073 1048 3140 claritatis
1070 3076 1219 3142 ecelesia
1245 3085 1307 3145 tua

154 3180 294 3264 (lumen)
311 3182 345 3240 et
367 3176 409 3240 ad
427 3177 674 3262 suggerendum
690 3177 803 3241 vinum
825 3182 860 3242 et
875 3198 996 3262 aquam
1011 3179 1054 3242 ad
1068 3181 1306 3247 conficiendum

155 3281 326 3367 sanguinis
349 3280 399 3345 tui
422 3281 645 3366 (mysterium)
669 3281 703 3344 in
727 3281 894 3345 offerendo
920 3281 1158 3348 eucharistiam
1182 3286 1304 3352 sanetis

155 3385 320 3451 altaribus
343 3384 412 3446 tuis
427 3383 573 3448 fideliter
595 3384 838 3448 subministret.
883 3383 1049 3460 Ascende,
1064 3383 1217 3464 Domine,
1233 3388 1303 3473 ejus

153 3492 299 3551 mentem
330 3493 364 3550 et
395 3487 496 3550 eorda
526 3486 568 3551 ad
598 3486 722 3550 amoris
753 3486 802 3550 tui
837 3485 972 3550 coeleste
1002 3489 1094 3571 (sic)
1124 3495 1158 3553 et
1188 3492 1302 3577 gratia

153 3587 378 3654 miserationis
396 3594 461 3653 tua
480 3589 604 3652 virtute
622 3588 790 3652 confirma.
837 3587 909 3652 Per.
