2940 4996
519 396 700 457 Ordinatio
717 397 952 458 Sacerdotem.

199 601 323 678 Eapletn
339 609 432 659 autera
446 602 498 659 hae
514 601 656 671 Oratione,
672 601 730 657 alta
744 622 806 658 voce
819 602 941 677 incipiet
957 599 1115 677 Hyomum.

200 697 298 772 Veni,
315 697 455 761 Creator
472 697 625 781 Spiritus,

245 800 379 864 Mentes
394 804 526 863 tuorum
543 798 652 872 visita,

247 901 352 985 Imple
370 923 514 986 superna
528 901 648 985 gratia,

246 1004 322 1087 Qua
338 1009 375 1068 tu
392 1003 525 1077 creasti,
541 1010 685 1085 pectora.

201 1107 265 1190 Qui
281 1107 470 1170 Paraclitus
485 1105 615 1178 diceris,

247 1208 378 1272 Donum
394 1207 457 1271 Dei
473 1206 638 1280 altissimi,

245 1311 333 1374 Fons
350 1311 456 1385 vivus,
472 1309 570 1394 ignis,
586 1309 719 1383 caritas,

245 1413 291 1476 Et
307 1411 466 1497 spiritalis
482 1413 604 1475 unctio.

201 1517 253 1578 Tu
270 1515 472 1598 septiformis
488 1535 633 1586 munere,

247 1617 380 1681 Dextrae
396 1616 458 1680 Dei
474 1623 511 1679 tu
526 1616 662 1700 digitus,

248 1721 298 1782 Tu
313 1721 377 1782 rite
393 1718 556 1801 promisso
574 1718 683 1780 Patris

248 1821 405 1884 Sermone
420 1821 531 1884 ditans
546 1825 693 1903 guttura.

203 1924 356 1987 Accende
372 1923 483 1985 lumen
500 1921 662 1995 sensibus,

249 2026 389 2089 Infuude
406 2046 550 2088 amorem
566 2023 728 2096 cordibus,

250 2129 386 2191 Infirma
401 2127 506 2190 nostri
522 2127 668 2210 corporis

248 2231 385 2294 Virtute
401 2230 536 2292 firmans
552 2228 723 2312 perpetim.

204 2333 344 2396 Hostem
361 2330 504 2415 repellas
520 2330 661 2414 longina,

246 2435 430 2518 Pacemque
445 2433 547 2497 dones
564 2433 733 2516 protinus;

245 2536 389 2600 Ductore
406 2536 452 2599 sic
468 2542 501 2599 te
518 2535 637 2618 praevio

246 2640 403 2702 Vitcmus
418 2660 513 2702 omne
529 2638 672 2700 noxium.

201 2744 267 2807 Per
281 2748 315 2806 te
331 2743 474 2805 sciamus
488 2743 531 2804 da
546 2741 689 2814 Patrem,

247 2846 434 2908 Nossemus
450 2855 548 2926 atque
564 2841 685 2905 Filium
698 2865 704 2916 ;

248 2948 372 3029 Teque,
388 2947 561 3028 utriusque
579 2945 748 3028 Spiritum,

250 3048 431 3112 Credamus
447 3048 533 3112 omni
549 3053 707 3129 tempore.

204 3153 258 3217 sit
272 3153 348 3217 laus
364 3152 457 3214 Patri
473 3172 545 3214 cum
561 3149 657 3223 Filio,

247 3257 369 3319 Sancto
387 3253 485 3317 simul
500 3252 687 3327 Paraclit03

248 3358 419 3442 Nobisque
436 3357 548 3419 mittat
562 3355 668 3417 Filius

248 3459 422 3523 Obarisma
437 3457 549 3521 Sancti
565 3457 717 3541 Spiritus.
763 3461 879 3522 Amen.

210 3560 333 3638 Expleta
359 3558 487 3636 Hymen,
516 3559 643 3616 omnibus
669 3562 851 3635 sumentibus,
880 3562 1021 3640 episcopua
1048 3563 1147 3622 stando
1174 3563 1314 3622 benedicat

152 3677 261 3716 marrus
274 3654 499 3713 ordinandorum
512 3673 666 3730 expansos:

203 3748 397 3827 Beneffldic,
427 3747 578 3822 Domine,
609 3752 643 3811 et
672 3750 841 3814 sanctifica
870 3752 931 3814 has
961 3775 1078 3816 manus
1109 3756 1314 3818 sacerdotum

155 3863 293 3919 tuorum
310 3852 352 3915 ad
367 3852 608 3914 consecrandas
628 3852 766 3928 hostias,
783 3875 853 3936 quae
868 3875 928 3937 pro
944 3854 1073 3918 delictis
1096 3862 1196 3940 atque
1212 3859 1316 3943 negli-

155 3955 284 4041 gentiis
308 3953 420 4038 populi
444 3954 638 4029 offeruntur,
659 3960 694 4017 et
720 3955 761 4018 ad
788 3963 906 4018 caetera
929 3957 1150 4022 benedicenda
1177 3982 1247 4043 quae
1274 3962 1314 4024 ad

155 4078 240 4121 usus
256 4057 330 4138 ejus
342 4054 531 4119 necessaria
544 4061 641 4118 sunt:
666 4062 700 4119 et
715 4064 845 4140 praesta,
859 4079 1053 4139 quaesumus,
1068 4067 1105 4124 ut
1116 4083 1315 4146 quacunque

156 4158 399 4234 benedixerint,
430 4158 678 4235 benedicantur,
708 4166 741 4223 et
771 4181 970 4244 quaecunque
1002 4166 1215 4242 sacraverint,
1248 4189 1317 4230 sac-

152 4269 281 4337 rentur,
300 4260 457 4324 Salvator
473 4262 597 4324 mundi.
644 4262 704 4345 Qui
723 4262 807 4325 vivis
824 4269 857 4326 et
873 4285 1004 4347 regnae.
