2940 4996
479 399 738 463 Benedictio‘ces
756 396 991 479 Episcopcles.
1249 393 1311 456 185

158 621 331 707 discipulis
351 622 445 686 visus
464 626 517 686 est
535 620 746 697 manifestus,
762 620 812 685 itu
829 619 926 685 vobis
944 619 978 682 in
997 617 1159 702 judicium
1177 617 1313 681 veniens

156 725 311 788 videatur
326 723 490 808 placatus.
535 724 654 787 Amen.

199 827 245 891 Et
277 828 334 911 qui
365 848 441 892 eum
472 827 646 891 considere
675 825 769 889 Petri
800 825 834 887 in
866 845 929 889 suu
958 823 1138 908 majestate
1168 822 1314 899 creditis,

156 930 325 1002 vobiscum
356 950 491 994 munere
523 949 628 1012 usque
659 927 693 990 in
723 927 824 992 finem
856 927 977 1004 seculi,
1006 926 1185 990 secundum
1218 946 1312 989 suam

157 1032 410 1114 promissionem
427 1031 594 1096 sentiatis.
640 1033 757 1095 Amen.

199 1134 292 1218 Quod
306 1135 379 1220 ipse
396 1139 568 1219 proestare.-

195 1339 234 1397 Iu
248 1339 295 1398 die
313 1338 491 1398 Pentecosten.
534 1337 713 1396 Benedictio.

200 1555 303 1632 Deus,
319 1555 376 1638 qui
392 1555 554 1619 hodierne
570 1555 623 1618 die
640 1553 882 1639 discipulorum
901 1556 1032 1616 mentes
1056 1551 1202 1637 Spiritus
1217 1553 1318 1617 Pera-

156 1657 228 1722 cliti
252 1657 417 1722 infusione
442 1658 602 1743 dignutus
628 1663 682 1721 est·
705 1657 893 1731 illustrare,
918 1676 977 1719 vos
1003 1677 1133 1740 quoque
1158 1657 1317 1742 dignetur

158 1783 218 1825 suu
236 1761 465 1826 benedictione
488 1760 619 1845 replere
643 1766 678 1824 et
697 1762 858 1824 donorum
883 1759 1034 1843 ejusdem
1054 1759 1201 1844 Spiritus
1222 1761 1317 1826 vobis

158 1864 284 1948 copiam
300 1864 502 1928 ministrare.
547 1864 666 1927 Amen.

199 1967 262 2031 Ille
283 1967 382 2052 ignis,
403 1967 460 2050 qui
486 1988 587 2051 super
611 1966 793 2051 discipulos
816 1966 983 2051 apparuit,
1003 1971 1216 2050 peecatorum
1240 1988 1314 2032 ves-

158 2078 286 2134 trorum
303 2069 417 2134 sordes
433 2075 609 2155 expurget,
627 2077 662 2132 et
677 2071 729 2133 sui
745 2069 882 2132 luminis
897 2069 1064 2132 infusione
1087 2069 1317 2133 cordavestra

160 2175 353 2258 perlustret.
398 2174 516 2237 Amen.

202 2277 330 2361 Quique
346 2275 505 2360 dignutus
527 2278 581 2339 cst
600 2275 832 2339 diversitatem
855 2276 1049 2360 linguarum
1065 2274 1099 2336 in
1124 2274 1224 2338 unius
1239 2274 1318 2337 fidei

159 2380 367 2445 confessione
390 2380 551 2456 adunare,
567 2379 602 2441 in
619 2379 734 2442 eudem
756 2400 816 2443 vos
831 2380 936 2444 faciut
958 2379 1021 2442 fide
1037 2398 1266 2463 perseverare,
1283 2385 1318 2440 et

159 2487 317 2570 perhanc
333 2486 375 2549 ab
392 2505 451 2568 spe
468 2485 510 2549 ad
528 2487 669 2568 speciem
687 2486 873 2570 pervenire.
919 2488 1037 2548 Amen.

201 2589 294 2672 Quod
309 2588 392 2674 ipse.

196 2809 235 2867 Iu
248 2808 295 2867 die
312 2807 341 2867 S.
357 2808 468 2866 Murice
482 2808 672 2885 Mapdcleuoe.
714 2808 892 2868 Benedictio.

198 3007 300 3084 Deus,
316 3007 374 3091 qui
390 3008 522 3070 domum
546 3008 707 3071 Phorisaei
723 3008 907 3092 ingressus,
923 3007 1097 3073 mulierem
1114 3009 1216 3092 pedes
1233 3029 1313 3074 suos

155 3111 311 3195 lucrymis
333 3111 501 3195 rigantem
526 3117 560 3174 ct
582 3110 817 3195 crine-cupitis
842 3115 1031 3194 tergentem
1054 3110 1233 3196 multiplici
1256 3111 1312 3173 de-

155 3216 300 3290 votione,
316 3214 425 3279 voluit
446 3215 618 3288 mundare,
635 3204 778 3298 corpora¹
798 3219 833 3277 et
854 3216 985 3278 unimus
1001 3220 1133 3278 vestras
1155 3215 1198 3278 ab
1221 3214 1309 3276 omni

155 3320 282 3402 impetu
299 3317 423 3381 diaboli
439 3318 598 3402 dignetur
612 3316 768 3381 liberare.
815 3319 933 3381 Amen.

200 3421 319 3486 Faciat
348 3442 408 3485 vos
442 3421 589 3503 quotidie
621 3442 721 3505 agere
756 3418 991 3505 spiritualiter,
1022 3418 1111 3502 quod
1140 3418 1202 3482 illu
1231 3425 1312 3482 tune

159 3525 259 3588 semel
291 3525 362 3610 egit
391 3524 612 3608 corporaliter
621 3548 629 3599 ;
662 3535 694 3586 et
725 3524 811 3607 quod
842 3523 915 3605 ejus
946 3522 1104 3606 praestitit
1133 3521 1311 3597 desiderio

159 3636 271 3692 vestro
287 3634 446 3713 praesture
462 3627 621 3712 dignetur
637 3628 808 3711 obsequio.
853 3627 972 3690 Amen.

201 3733 404 3814 Annuatque
427 3750 487 3794 vos
513 3751 549 3794 se
572 3730 716 3794 multum
741 3730 891 3814 diligere,
917 3736 956 3791 ut
978 3728 1062 3792 velit
1085 3727 1180 3792 vobis
1203 3726 1312 3792 multu

158 3835 335 3910 dimittere,
362 3832 419 3917 qui
449 3834 567 3898 Murice
591 3833 732 3898 multum
764 3833 902 3909 dimisit,
930 3833 1009 3916 quia
1039 3830 1181 3896 multum
1212 3830 1308 3894 illum
1413 3816 1414 3819 ¹

160 3939 284 4002 dilexit.
329 3939 446 4001 Amen.

199 4040 291 4125 Quod
307 4040 378 4124 ipse
395 4044 555 4124 praesture
571 4039 739 4123 dignetur.
