2940 4996
155 376 222 438 320
483 380 533 442 De
553 380 741 443 Ordinibus
760 380 994 464 Conferendis.

155 632 174 654 ‚.
215 583 260 644 Β.
306 583 438 647 Memor
452 584 499 648 sit
508 584 672 648 Dominus
681 585 791 648 omnis
800 583 958 650 sacrificii
967 584 1019 648 tui
1029 588 1065 648 et
1075 582 1307 646 holocaustum

155 735 174 759 .,
189 693 285 748 tuum
301 686 427 770 pingue
442 690 514 751 fist.

154 837 173 864 ‚‚
225 790 263 850 V.
310 790 429 853 Mitut
444 791 508 853 tibi
523 790 688 854 auxilium
704 791 746 854 de
762 797 892 868 sancto,
908 791 999 856 etde
1017 789 1097 854 Sion
1113 792 1253 853 tueatur
1266 790 1309 847 te.

155 941 175 965 2,
222 893 378 954 Tractus.
424 892 646 958 Desiderium.

153 1044 172 1069 ,‚
221 997 445 1078 offertorium.
492 999 625 1060 Memor
645 999 690 1062 sit
710 997 876 1062 Dominus
897 997 1005 1061 omnis
1022 994 1180 1061 sacrificii
1201 991 1262 1068 tui,
1278 994 1309 1053 et

152 1148 172 1172 ‚‚
187 1099 421 1163 holocaustum
439 1106 535 1163 tuum
551 1102 675 1186 pingue
691 1103 762 1166 fiat.
806 1101 976 1185 Alleluys,
992 1098 1164 1183 Alleluys.

154 1251 172 1277 ,‚
227 1204 264 1264 V.
308 1203 611 1266 Laetifiosbimurin
624 1204 768 1268 salutari
780 1211 840 1270 tuo
850 1211 887 1270 et
902 1205 936 1267 iu
949 1203 1082 1267 nomine
1098 1199 1237 1266 Domini
1248 1197 1309 1263 Dei

152 1355 172 1379 ‚,
187 1306 485 1389 magnificabimur.

156 1459 175 1482 ‚,
221 1410 340 1472 Mittas
355 1410 419 1472 tibi
433 1409 596 1474 auxilium
611 1410 652 1474 de
669 1417 798 1486 saneto,
814 1410 905 1475 etde
922 1410 1000 1474 Sion
1016 1413 1155 1473 tueatur
1170 1413 1216 1470 te.

156 1563 174 1586 .,
222 1515 428 1577 Communis.
472 1513 691 1598 Unguentum
724 1515 759 1577 in
796 1515 916 1598 capite,
947 1512 1036 1597 quod
1067 1509 1243 1575 deseendit
1278 1509 1310 1570 in

156 1666 174 1689 ‚‚
192 1618 341 1692 barbam,
364 1617 399 1678 in
423 1618 560 1680 barbam
585 1619 710 1692 Aaron,
727 1617 816 1699 quod
837 1617 1011 1680 descendit
1032 1616 1068 1678 in
1092 1635 1188 1679 orum
1211 1613 1311 1676 vesti·

157 1770 175 1794 „
192 1720 296 1782 menti
312 1720 404 1801 ejus;
429 1721 606 1784 Mandavit
620 1720 784 1784 Dominus
799 1720 1063 1784 benedictionem
1080 1718 1115 1782 in
1132 1717 1296 1782 saeoulum.

157 1873 176 1898 „
221 1824 265 1886 R.
310 1822 397 1885 Ecce
413 1844 513 1906 quam
529 1825 661 1887 bonum.

154 1977 174 2002 ,,
220 1928 316 1990 Item.
364 1927 457 1991 Sicut
473 1928 522 1990 fui
539 1949 614 1991 oum
632 1928 750 2011 Moyse
765 1928 815 1993 its
829 1949 887 1992 ero
902 1936 1024 2004 tecum,
1039 1927 1123 1990 dicit
1137 1925 1310 1999 Dominus,

156 2030 382 2105 „confortare
405 2030 570 2114 populum
594 2051 715 2105 meum,
731 2051 840 2114 neque
864 2031 997 2095 timess.
1042 2028 1129 2094 Ecce
1154 2027 1314 2094 Dominus

157 2185 175 2210 ‚,
192 2135 284 2198 Deus
299 2141 379 2198 tuus
395 2144 475 2198 ante
492 2141 526 2198 te
545 2141 607 2211 est,
624 2141 659 2198 et
674 2156 739 2198 non
755 2141 789 2199 te
804 2134 1026 2219 derelinquet.

159 2289 177 2315 ,‚
223 2243 283 2302 Ps.
330 2239 560 2303 Exaudiatte.

159 2343 443 2418 ,,Ε.ΜΜπ

157 2497 176 2522 ,,
230 2449 266 2510 V.
313 2447 714 2511 ExaudiutteDominus
729 2449 764 2510 in
780 2448 833 2511 die
849 2446 1089 2522 tribulationis,
1105 2450 1308 2531 protegntte

159 2597 178 2624 ‚,
196 2569 317 2611 nomen
334 2546 396 2610 Dei
412 2547 527 2610 Jacob.

159 2701 177 2726 ‚,
224 2651 390 2734 Alleluya.
435 2650 607 2734 Disposui.

160 2805 177 2830 ‚‚
231 2756 267 2816 V.
284 2753 434 2816 Veritas.

160 2910 179 2932 ‚‚
232 2860 270 2920 V.
314 2857 528 2920 Laetabimn1·.

159 3015 176 3038 ,‚
226 2963 392 3046 Alleluya.
440 2962 570 3026 Statuit
584 2969 627 3026 te.

161 3117 178 3143 „
224 3068 267 3131 R.
313 3065 458 3129 Domine
474 3085 544 3148 per.

159 3222 178 3248 ‚,
231 3172 268 3233 V.
313 3170 442 3232 Vitam.

155 3325 173 3351 „
225 3274 452 3357 Offertorium.
500 3271 617 3334 Gloria
633 3273 820 3336 ethonore.

159 3429 178 3454 „
227 3378 436 3441 Communio.
484 3375 609 3438 Beatus
627 3395 755 3439 servus.
880 3458 883 3466 ι

157 3532 175 3556 ,,
224 3479 401 3544 Benedixit
427 3486 460 3541 te
485 3478 585 3541 hodie
615 3478 719 3555 Deus,
748 3483 783 3542 et
810 3473 907 3541 unxit
933 3483 966 3541 te
994 3477 1069 3540 oleo
1097 3475 1223 3539 laetitiae
1251 3496 1311 3560 prae

159 3636 177 3660 ‚‚
196 3584 409 3648 consortibus
425 3582 504 3645 tuis.

158 3738 177 3762 ‚,
224 3688 247 3748 I
248 3685 321 3750 tem.
370 3685 501 3748 Memor
517 3689 592 3746 esto
609 3685 754 3748 nominis
771 3684 906 3748 Domini
921 3682 985 3747 Dei
1001 3681 1062 3745 tui.

158 3838 176 3862 „
225 3791 281 3850 Ps.
329 3785 587 3850 Deusdeorum.
1183 3770 1185 3775 ⁴
1223 3849 1227 3855 ,

157 3941 175 3965 ‚‚
221 3893 265 3952 R.
312 3889 455 3952 Immola
486 3887 558 3951 Deo
586 3888 787 3951 sacrificium
814 3888 924 3953 laudis
950 3896 985 3953 et
1010 3889 1111 3952 redde
1142 3885 1313 3953 Altissimo

160 4043 178 4069 „
198 4000 277 4057 vota
293 3999 362 4056 tun.

160 4146 178 4171 „
232 4097 269 4157 V.
317 4092 539 4178 Congregate.

160 4248 177 4272 ‚‚
227 4199 267 4260 R.
314 4196 539 4259 Desiderium.

158 4352 176 4378 „
229 4301 450 4382 offertorium.
498 4302 781 4365 Benediounimu.
