2940 4996
526 399 733 463 Ordination
751 400 856 462 Lista.

161 572 274 636 Simon
293 572 450 658 Benteley
468 574 509 636 ad
525 573 661 637 titulum
678 573 848 658 prioratus
865 573 904 636 de
923 573 1077 638 Shelford

158 677 179 740 J
182 679 331 741 ohannes
349 677 448 740 Olerk
465 677 507 741 ad
523 677 661 741 titulum
677 679 848 762 prioratus
864 679 904 740 de
921 678 1144 763 Helaghpark

155 782 177 846 J
180 785 330 846 ohannes
346 783 367 846 J
370 783 531 846 effraison
548 782 589 845 ad
605 782 742 846 titulum
758 781 957 846 monasterii
975 783 1015 845 de
1033 785 1136 869 Selby

158 885 323 950 Ricardus
335 887 472 970 Bodyad
484 887 619 950 titulum
631 887 748 949 domus
758 887 952 949 monialium
963 889 1002 952 de
1013 889 1268 975 Yeddinghame

159 990 329 1055 Robertus
345 991 496 1075 Langley
513 991 554 1054 ad
570 992 707 1055 titutum
725 991 896 1073 prioratus
913 991 953 1054 de
971 991 1151 1079 Wirksope

161 1096 307 1158 Thomas
324 1094 438 1178 Deyne
455 1096 497 1158 ad
515 1094 653 1159 titulum
670 1095 788 1158 domus
804 1095 999 1157 monialium
1016 1097 1056 1159 de
1075 1097 1197 1182 Swyna

158 1198 389 1263 Christoferus
405 1199 483 1261 Idill
497 1200 539 1262 ad
556 1198 692 1262 titulum
710 1198 827 1260 domus
844 1199 1038 1262 monialium
1056 1201 1096 1264 de
1115 1202 1268 1288 Molseby

158 1303 179 1366 J
182 1304 330 1367 ohannes
349 1303 531 1365 Shirborne
549 1303 591 1366 ad
609 1302 743 1367 titulum
761 1303 932 1385 prioratus
948 1303 988 1366 de
1004 1304 1226 1390 Helaghpark

159 1410 180 1473 J
183 1409 331 1472 ohannes
367 1410 556 1473 Beamount
593 1409 635 1472 ad
673 1408 821 1472 titulum·
843 1408 962 1472 domus
999 1411 1193 1474 monialium
1227 1413 1267 1476 de

1034 1514 1268 1600 Kirkeleghes.

159 1616 326 1680 Robertus
343 1615 413 1678 Gill
430 1615 472 1678 ad
488 1615 624 1678 titulum
641 1616 812 1699 prioratus
830 1614 864 1678 S.
881 1616 1059 1680 Trinitatis
1075 1618 1137 1681 civ.
1154 1619 1254 1682 Ebor.

160 1721 324 1784 Ricardus
341 1720 580 1783 Edmoundsou
594 1720 634 1782 ad
651 1719 788 1782 titulum
804 1721 999 1783 monasterii
1009 1721 1049 1784 de
1063 1721 1268 1787 Ookirsaund

163 1825 184 1888 J
186 1826 334 1887 ohannes
351 1824 496 1888 Oharrer
512 1824 554 1886 ad
571 1823 708 1887 titulum
725 1824 922 1886 monasterii
938 1825 979 1888 de
995 1825 1016 1888 J
1019 1825 1148 1889 orevall

165 1928 360 1991 Willelmus
377 1929 512 1992 Mosser
528 1927 569 1990 ad
586 1927 723 1990 titulum
740 1928 936 1990 monasterii
953 1929 994 1991 de
1010 1928 1133 2013 Heppa

163 2033 324 2096 Rioardus
339 2033 473 2096 Pansax
489 2032 529 2094 ad
546 2031 681 2095 titulum
699 2032 895 2094 monasterii
911 2032 951 2094 de
968 2031 1126 2117 Whalley

163 2136 356 2199 Willelmus
373 2136 580 2200 Richerdson
597 2134 639 2198 ad
655 2133 792 2197 titulum
808 2135 1004 2198 monasterii
1021 2135 1061 2198 de
1079 2137 1263 2200 Ooverham

162 2241 356 2304 Willelmus
372 2240 529 2324 Typping
544 2239 586 2302 ad
603 2238 738 2301 titulum
756 2234 954 2301 monasterii
971 2238 1012 2302 de
1030 2238 1159 2304 Caldre·

592 2412 793 2473 Presbiteri.

165 2519 284 2581 Frater
300 2515 492 2578 Willelmus
508 2512 669 2577 Nioolson
687 2514 868 2578 canonicus
884 2515 925 2577 de
942 2514 1089 2594 Watton¹

166 2624 287 2686 Frater
304 2622 448 2684 Thomas
466 2619 571 2681 Hirde
791 2621 809 2787 }
825 2621 974 2683 canonici
991 2621 1031 2684 de
1050 2619 1245 2685 Cohirsand.

164 2712 285 2774 Frater
302 2708 474 2772 Gilbertus
492 2708 695 2790 Aynsworth

164 2799 283 2861 Frater
297 2797 317 2859 J
320 2796 444 2859 acobus
461 2794 705 2879 Wayngwrigh
789 2798 807 2959 p

165 2886 286 2949 Frater
302 2882 496 2945 Willelmus
513 2881 613 2943 Yaite

166 2992 287 3054 Frater
301 2989 403 3072 Hugo
421 2984 604 3050 Crakhaull
819 2989 837 3155 ]
854 2986 1004 3049 canonici
1020 2979 1216 3051 monasterii
1234 2989 1273 3052 de

166 3080 286 3142 Frater
301 3078 321 3140 J
324 3079 471 3139 ohannes
488 3072 656 3156 Gisburgh
854 3073 1057 3136 Coverhame

166 3183 287 3246 Frater
298 3182 442 3243 Thomas
453 3176 653 3239 Wharleton
668 3177 846 3240 canonieus
856 3179 1051 3240 monasterii
1065 3178 1273 3264 deEgleston

163 3287 184 3350 J
187 3288 334 3350 ohannes
352 3281 512 3346 Oartmell
530 3280 571 3342 ad
588 3279 725 3344 titulum
742 3281 911 3364 prioratus
929 3280 961 3343 S.
979 3282 1158 3345 Trinitatis
1174 3283 1273 3345 Ebor.

168 3392 335 3456 Antonius
357 3387 490 3469 Hering
513 3384 657 3447 Dunelm
680 3385 765 3449 dioc.
789 3386 830 3449 ad
858 3384 994 3448 titulum
1018 3386 1212 3449 monasterii
1235 3387 1275 3449 de

669 3489 842 3552 Alnewike
859 3511 919 3574 per
934 3489 1053 3552 literas
1068 3489 1277 3554 dimissorias

167 3600 357 3683 Stephanus
369 3597 521 3660 Johnson
534 3595 575 3657 ad
586 3593 721 3656 titulum
735 3595 853 3658 domus
863 3593 1058 3657 monialium
1069 3595 1109 3657 de
1121 3594 1275 3678 Molseby

167 3703 353 3767 Nioholaus
380 3698 510 3763 Stokall
535 3697 679 3760 Dunelm
702 3699 787 3761 dioo.
812 3698 852 3761 ad
877 3697 1012 3760 titulum
1037 3698 1208 3783 prioratus
1235 3699 1275 3761 de

558 3801 838 3864 Hextildeshame
856 3823 917 3885 per
933 3800 1053 3864 literas
1069 3802 1277 3866 dimissorias

167 3914 312 3976 Thomas
328 3909 490 3992 Nuthyng
506 3906 548 3970 ad
565 3906 702 3969 titulum
719 3907 836 3969 domus
852 3906 1046 3969 monialium
1064 3906 1104 3969 de
1122 3907 1275 3992 Molseby

167 4016 333 4080 Ricardus
360 4014 472 4077 Abbot
498 4012 538 4073 ad
562 4009 698 4073 titulum
726 4010 844 4072 domus
869 4009 1067 4072 monialium
1090 4009 1129 4072 de
1155 4009 1277 4072 Kirke-

1155 4109 1272 4194 leghes

171 4219 364 4283 Willelmus
381 4217 521 4279 Hobson
539 4216 581 4279 ad
597 4216 734 4279 titutum
751 4215 947 4279 monasterii
964 4215 1004 4277 de
1021 4215 1215 4277 Thorneton
1331 4218 1334 4225 '

169 4325 331 4389 Ricardns
349 4322 473 4385 Milnes
490 4321 530 4385 ad
545 4319 681 4384 titulum
699 4322 818 4383 domus
832 4319 1027 4383 monialium
1045 4319 1085 4382 de
1105 4318 1277 4404 Synnyng-

1136 4422 1275 4487 thwaite
