2940 4996
346 401 544 466 Benedictio
560 399 667 476 Solis,
685 401 806 482 Aquae,
825 400 959 464 Oinorio
976 410 1007 463 et
1029 399 1119 462 Vini.
1254 400 1315 467 197

199 603 351 669 Oremus.

199 707 291 772 Deus
314 712 447 773 creator
462 713 497 771 et
520 711 738 771 conservator
759 707 897 772 humani
919 706 1064 792 generis,
1079 706 1180 772 dator
1199 707 1317 793 gratius

158 812 355 896 spiritualis,
368 810 512 897 largitor
524 817 654 874 aeternae
667 810 787 874 salutis
800 833 807 873 :
830 816 878 888 tu,
888 810 1041 887 Domine,
1051 811 1147 874 mitte
1161 810 1320 875 Sanctum

159 915 321 999 Spiritum
343 919 437 979 tuum
465 934 567 998 super
590 913 858 977 commixtionem
881 913 982 996 hujus
1004 913 1074 978 vini
1098 918 1133 978 et
1156 935 1260 997 aquae,
1283 917 1321 977 ut

156 1023 289 1084 armata
307 1019 429 1082 virtute
447 1017 592 1082 eoelestis
614 1017 828 1094 defensionis,
844 1017 887 1081 ud
910 1017 1195 1081 consecrationem
1217 1018 1319 1102 hujus

157 1121 304 1188 ecclesius
322 1127 356 1185 et
371 1120 501 1197 ultoris,
516 1120 611 1203 (ool)
625 1120 803 1184 coemeterii
818 1119 982 1205 proficiat.
1026 1120 1092 1184 Per
1106 1119 1295 1183 Dominum.

217 1226 350 1290 Oratio.
388 1222 552 1288 ·Domine
584 1222 687 1300 Deus,
718 1243 778 1286 rex
808 1223 1043 1287 universarum
1072 1222 1255 1288 coelestium
1285 1229 1320 1287 et

158 1327 369 1393 terrestrium
404 1332 646 1402 ereaturarum,
677 1325 734 1409 qui
764 1326 806 1390 de
840 1325 922 1390 coelo
952 1325 1165 1402 descendisti,
1196 1330 1232 1390 et
1260 1325 1321 1410 per

159 1430 395 1516 mysteriorum
411 1433 545 1494 tuorum
562 1450 686 1495 urrann
702 1428 850 1493 ecclesius
865 1434 931 1494 tuoe
946 1429 1012 1494 iter
1027 1429 1068 1493 ad
1085 1428 1184 1493 ooelos
1207 1450 1320 1494 asuen-

158 1534 256 1599 dendi
292 1533 474 1619 prebuisti,
508 1533 631 1617 quique
665 1533 755 1597 inter
787 1539 902 1597 cetera
935 1532 1118 1598 coelestium
1153 1533 1320 1598 terribilia

158 1637 394 1723 mysteriorum
410 1635 583 1712 miracula,
596 1635 697 1700 etiam
714 1658 754 1700 ex
770 1637 905 1721 proprio
918 1635 1024 1700 lutere
1041 1636 1163 1700 undum
1181 1638 1316 1723 sungui-

159 1749 211 1812 nis
236 1751 273 1812 et
302 1768 395 1830 uquae
422 1748 463 1810 ob
492 1746 678 1810 animorum
705 1751 896 1810 nostrorum
928 1745 1091 1809 medelum
1118 1747 1317 1830 profluxisse

158 1851 362 1939 permisisti;
387 1851 541 1927 concede,
557 1838 757 1935 quaesumus,
773 1856 812 1915 ut
833 1851 896 1914 hac
913 1851 995 1915 salis
1010 1857 1045 1916 et
1067 1852 1190 1916 cineris
1204 1858 1322 1917 sanctu

159 1954 364 2020 mixturam
391 1954 467 2018 vino
490 1975 566 2018 oum
589 1955 679 2018 unda
701 1954 916 2039 baptismatis
942 1955 1069 2020 coelesti
1090 1957 1321 2021 benedictione

161 2059 303 2125 ecclesio
317 2063 378 2123 tua
393 2064 428 2121 et
442 2057 552 2123 altare
575 2064 819 2136 consecrentur,
837 2065 870 2123 et
886 2060 927 2123 ud
943 2065 1065 2124 nostrae
1080 2061 1320 2145 redemptionis
1414 2083 1419 2091 ·

159 2163 445 2230 confirmationem
469 2167 665 2228 consecratu
680 2155 887 2248 pertineant
928 2163 993 2227 Per
1006 2167 1052 2240 te,
1067 2163 1150 2228 Jesu
1174 2163 1317 2242 Christe,

160 2267 310 2352 quicum
327 2267 438 2330 Putre.
