2940 4996
495 424 714 488 Consecratio
738 425 928 508 Virginem.
1224 418 1286 480 155

127 624 391 690 benedictionum
407 625 523 712 largus
538 627 678 703 infusor,
695 634 727 692 te
745 628 876 692 obnixis
892 630 1047 712 precibus
1063 629 1287 712 deprecamur,

127 731 166 790 ut
191 728 253 792 hes
279 736 391 793 restes
418 729 652 810 beneffldicere
679 737 714 795 et
742 732 990 812 sancti-hficare
1017 731 1176 817 digneris,
1203 748 1286 812 quas

126 828 325 894 famulatus
341 852 402 915 pro
422 832 544 896 indicio
560 835 797 918 cognoscendae
819 834 993 920 religionis
1009 833 1116 899 voluit
1137 833 1285 906 induere,

126 935 162 994 ut
177 931 267 995 inter
281 932 429 1018 reliquas
445 935 586 998 feminas
602 935 663 998 tibi
679 940 901 1020 cognoscatur
916 937 1036 1001 dicata.
1080 937 1155 999 Per.

171 1030 261 1105 Tune,
283 1055 360 1113 aqua
380 1037 522 1095 benedicta
545 1036 662 1113 desuper
682 1057 807 1114 aspersa,
826 1036 872 1096 det
895 1038 923 1096 ei
942 1039 1087 1118 episeopus
1107 1034 1285 1112 virainitate's

127 1128 320 1188 vestimentum
334 1130 438 1189 dicens.

169 1225 302 1310 Accipe,
325 1226 448 1309 puella,
469 1226 705 1290 vestimentum
728 1227 816 1311 quod
841 1227 993 1311 perferas
1016 1229 1035 1267 ³*
1060 1227 1131 1291 sine
1153 1225 1285 1291 macula

122 1331 199 1391 ante
222 1329 372 1393 tribunal
394 1329 528 1392 Domini
552 1329 660 1393 nostri
681 1329 765 1392 Jesu
789 1328 926 1407 Christi,
943 1330 995 1393 eui
1018 1329 1165 1394 flectitur
1187 1350 1283 1392 omne

124 1449 212 1513 genu
235 1431 428 1508 eoelestium,
445 1432 667 1507 terrestrium,
683 1436 717 1495 et
738 1429 956 1496 infernorum.
1001 1431 1063 1516 Qui
1087 1452 1160 1496 cum
1183 1431 1284 1495 Patre

126 1537 159 1596 et
175 1531 304 1616 Spiritu
322 1534 444 1599 Sancto
460 1535 553 1599 vivit.

164 1635 268 1694 Postea
288 1636 398 1712 topatus·
416 1636 544 1715 epistola,
558 1643 584 1695 et
598 1645 757 1715 perapatur
776 1635 863 1694 missa
884 1655 970 1714 usque
978 1643 1043 1714 pest
1063 1635 1237 1712 evanyete'ans
1259 1644 1285 1694 et

126 1730 228 1791 Credo.
268 1731 345 1809 Ipsa
368 1743 462 1791 antem
485 1733 609 1809 uirgines
633 1732 760 1806 interim,
784 1739 895 1809 accepto
917 1731 1093 1804 indumento,
1117 1731 1226 1790 vadant
1249 1732 1283 1789 in

126 1827 292 1885 vestiariam
305 1827 345 1885 ad
356 1829 527 1900 sacrariam,
541 1835 567 1886 et
580 1828 705 1887 induant
718 1849 746 1886 se
765 1828 925 1888 uestimento
940 1828 1089 1886 benedicto.
1134 1827 1284 1886 Velamina

126 1943 187 1981 vero
200 1944 285 2001 saper
295 1923 404 1982 altaria
417 1933 589 1996 remaneant,
604 1933 688 2002 atque
696 1932 761 2003 post
774 1925 950 2001 evanyelianr
964 1933 990 1983 et
1003 1924 1108 1996 Credo,
1123 1924 1239 1983 ueniant
1252 1925 1285 1982 r'n

124 2016 236 2076 choram
249 2039 314 2076 eam
327 2019 411 2077 cereis
425 2019 588 2078 ardentibus
602 2027 746 2080 cantantes
759 2021 977 2098 responsoriam.

126 2190 1284 2356 §Hi-w

168 2378 269 2440 A-mo
297 2373 395 2439 Chris
411 2411 422 2423 ·
440 2379 540 2439 -tum
578 2374 613 2438 in
640 2395 681 2438 cu
706 2375 789 2457 -jus
814 2375 875 2439 the
891 2412 903 2423 ·
920 2373 954 2438 la
975 2394 1089 2437 -mum
1117 2373 1223 2437 intro
1239 2409 1253 2422 -
1271 2410 1284 2423 ·

125 2737 253 2813 iuvi,
338 2732 750 2817 cu-jusma·tervir-go
860 2737 922 2808 est,
939 2719 1008 2795 cu·
1021 2731 1080 2814 jus
1103 2753 1175 2816 pn·
1203 2737 1285 2796 ·ter

126 2897 1284 3065 w

127 3097 338 3163 femi-nam
359 3116 401 3158 ne
426 3132 440 3146 -
466 3093 543 3169 scit,
567 3092 679 3176 eu-jus
705 3091 806 3156 mi-hi
904 3111 1145 3177 or-·ga·-na
1215 3113 1283 3156 mo.

127 3262 1282 3410 Q

167 3423 262 3490 du-la
277 3422 351 3490 -tis
405 3419 581 3485 vo-ci-bus
656 3423 837 3496 can-tant,
854 3439 952 3503 quem
963 3438 1037 3481 cnm
1062 3438 1106 3482 a·
1117 3438 1227 3481 ma-ve
1243 3455 1256 3467 -

127 3566 1283 3710 ΜΞ-

126 3741 163 3786 ro
193 3724 335 3786 cas-ea
422 3736 507 3792 sum,
535 3735 609 3779 eum
639 3715 857 3800 te-ti-ge-ro
886 3732 967 3775 mun
983 3710 1056 3776 -da
1097 3731 1182 3790 sum,
1196 3699 1283 3778 'cum

126 4044 532 4111 acce--pe--ro
608 4024 809 4108 rir--go

126 4298 141 4332 ³
158 4296 208 4353 MS
221 4294 358 4369 praeferas.

211 4387 274 4451 19*
