2940 4996
487 435 670 498 Dedicatio
690 433 892 497 Ooemeterii.

407 703 664 786 [DEDIOATIO
689 703 983 790 OOEMETERH.]

153 894 196 954 In
209 893 386 953 dedicatione
399 895 556 953 coemeterii.
597 895 733 953 Primum
745 893 824 952 dicat
837 892 979 970 episcopus
992 899 1041 964 ter,
1057 893 1134 951 Deus
1152 893 1180 950 in
1195 891 1278 970 adju-

111 991 224 1050 torium
238 1009 334 1048 mcum
349 989 476 1060 intende,
490 1009 554 1047 οιιιιι
566 987 764 1065 penuflenione,
777 987 850 1045 sicut
863 986 896 1044 in
910 986 1111 1045 consecratione
1124 987 1235 1046 attaris.

153 1081 258 1141 Postea
269 1082 367 1158 faciat
379 1084 521 1160 episcopus
533 1082 716 1141 exorcismum
728 1080 798 1139 satis
817 1088 843 1138 et
862 1100 952 1156 aquae,
966 1079 1068 1138 cineris
1081 1087 1107 1138 et
1126 1081 1198 1155 uini,
1213 1102 1277 1140 cunr

115 1177 353 1237 benedictionibus
373 1178 540 1249 eorumdem,
556 1175 708 1235 secundani
721 1176 796 1252 quod
814 1182 929 1232 notatur
948 1175 982 1232 de
995 1175 1144 1234 euoncisnro
1164 1185 1189 1234 et
1203 1178 1278 1236 bene-

116 1271 243 1330 dictione
256 1270 326 1328 salis
340 1278 365 1329 et
378 1292 458 1348 aquae
470 1292 559 1348 supra
571 1271 605 1328 in
618 1269 797 1328 dedicatione
809 1268 936 1339 ecclesia,
950 1288 1035 1344 usque

161 1367 333 1452 Quatenus
355 1373 548 1432 consecrata
570 1366 617 1431 sis
632 1387 720 1450 aqua
743 1369 869 1442 sancta,
887 1386 925 1429 ac
948 1365 1103 1448 proficias
1125 1366 1167 1431 ad
1187 1367 1277 1431 dedi·

116 1469 283 1534 cationem
308 1468 408 1552 hujus
434 1468 622 1543 coemeterii,
648 1475 687 1532 ut
712 1489 774 1551 per
797 1473 842 1543 te,
870 1473 904 1532 et
930 1488 991 1550 per
1016 1468 1279 1534 benedictionem

118 1572 276 1647 divinam,
292 1572 474 1635 auxiliante
496 1569 648 1647 Domino,
665 1571 736 1634 sive
759 1590 820 1654 per
841 1590 879 1633 os
902 1572 937 1633 et
957 1589 1017 1653 per
1038 1591 1157 1635 manus
1178 1577 1279 1657 atque

120 1675 264 1739 officium
278 1679 439 1749 nostrum,
454 1674 517 1736 hoe
540 1672 762 1772 eoemeterium
784 1671 947 1750 divinitus
967 1693 1027 1755 per
1048 1674 1193 1758 gratiam
1210 1674 1282 1761 Spi-

119 1777 208 1842 ritus
225 1775 336 1840 Sancti
348 1780 559 1840 consecretur
574 1780 608 1838 et
622 1772 864 1859 perpetualiter
876 1773 917 1838 ad
934 1775 1124 1858 sepelienda
1136 1776 1283 1841 fidelium

120 1899 262 1962 corpora
283 1883 511 1942 consecratum
531 1880 743 1962 permaneat3
766 1880 802 1941 et
823 1875 968 1961 Spiritus
991 1878 1134 1944 Sanetus
1153 1881 1285 1946 habitet

120 1981 158 2044 in
172 1982 234 2044 hoe
249 1979 446 2045 coemeterio.
490 1980 555 2044 Per
569 2000 643 2042 eum
659 1978 716 2062 qui
731 1984 892 2043 venturus
912 1986 965 2044 est
975 1979 1126 2062 judicare
1142 1983 1235 2048 vivos
1251 1990 1286 2051 et

122 2088 274 2147 mortuos
289 2088 324 2146 et
338 2081 492 2146 saeculum
507 2100 567 2165 per
582 2081 703 2165 ignem.

166 2183 358 2256 Postmodum,
369 2184 472 2262 positis
491 2191 611 2261 quatuor
623 2182 750 2241 cnecibus
770 2182 803 2240 iu
822 2189 943 2259 quatuor
958 2184 1072 2259 anpulis
1091 2188 1248 2260 canieterii,
1261 2197 1287 2247 et

123 2278 277 2338 muudum
290 2278 425 2354 quosdam
438 2279 538 2354 quinta
551 2298 630 2336 cruce
643 2278 676 2335 iu
694 2277 787 2335 nudie
800 2277 960 2348 cantatorii,
974 2283 999 2334 et
1012 2277 1185 2337 illuminatis
1204 2302 1288 2358 super

122 2372 255 2448 sinpuias
267 2391 359 2430 onnes
372 2372 461 2430 tribus
474 2371 594 2443 cereolis,
609 2371 752 2448 episcopus
773 2379 815 2430 ter
827 2371 980 2429 circumeat
992 2371 1071 2428 intus
1090 2375 1283 2446 canieteriuin,

123 2467 283 2546 sparpendo
296 2487 402 2543 aquam
414 2467 594 2538 undictam,
608 2487 687 2525 cnice
701 2487 734 2525 ac
747 2467 924 2528 candelabris
936 2467 1162 2545 praeedentibus,
1176 2477 1201 2530 et
1214 2470 1286 2530 clero

125 2569 263 2639 sequente,
279 2560 403 2618 canendo
416 2561 489 2618 banc
503 2560 698 2637 autiphonam.

124 2683 670 2813 ᾗ

174 2803 350 2916 elsperges¹
359 2849 412 2891 me
427 2826 610 2892 Domi-ne.

343 2958 901 3075 -.-...-...
758 3065 764 3074 .
827 3065 861 3074 .-

176 3106 348 3172 Psalmus.
392 3104 600 3168 Mi-se-re-re
612 3123 669 3166 me
685 3140 698 3152 ·
713 3102 735 3180 i,
751 3103 854 3168 Deus.

170 3229 274 3287 Postea
287 3223 406 3284 litanias
426 3222 593 3282 circuuuado
615 3222 800 3282 coemeterium
819 3224 905 3284 intus.
945 3223 1058 3284 Deinde
1072 3224 1201 3304 pontisas
1213 3229 1291 3289 dicat

127 3326 206 3386 banc
218 3320 373 3380 orationum
387 3317 426 3375 ad
439 3317 571 3376 orientem
584 3317 741 3376 canerent.

176 3414 340 3482 Dominus
354 3411 538 3478 vobiscum,

177 3518 329 3581 Oremus.
547 3513 549 3519 ’

181 3619 312 3684 Oratio.
355 3615 458 3690 Dens,
488 3613 546 3699 qui
575 3633 612 3676 es
641 3612 746 3678 totius
780 3614 869 3678 orbis
898 3614 1057 3692 conditor,
1088 3618 1122 3680 et
1154 3615 1290 3683 humani

132 3723 268 3810 generis
293 3720 491 3804 redemptor,
516 3721 774 3800 cunctarumque
800 3723 1027 3783 ereaturarum
1054 3718 1233 3785 visibilium
1259 3731 1294 3789 et

131 3823 351 3890 invisibilium
382 3821 551 3905 perfectus
575 3819 767 3902 dispositor,
793 3825 828 3884 te
858 3820 999 3904 supplici
1029 3842 1109 3885 voce
1139 3845 1178 3887 ae
1207 3847 1291 3909 puro

132 3927 233 3994 corde
249 3924 469 4009 exposcimus,
484 3927 523 3986 ut
537 3921 600 3985 hoc
616 3921 838 3984 coemeterium
854 3921 923 3985 sive
946 3922 1154 4006 poliandrum
1169 3926 1202 3989 in
1226 3949 1292 4011 quo

133 4027 337 4096 famulorum
352 4023 618 4107 famularumque
633 4028 768 4087 tuarum
790 4045 929 4108 corpora
949 4026 1157 4108 requiescere
1172 4029 1295 4096 debent

132 4134 212 4217 post
237 4125 404 4195 curricula
424 4125 526 4208 hujus
552 4125 628 4189 ritae
654 4123 812 4203 labentia,
836 4125 1088 4205 sanetifflficare,
1113 4130 1293 4216 purfflgare

132 4239 235 4317 atque
262 4228 456 4295 benedicere
484 4225 649 4313 digneris3
680 4226 801 4309 quique
828 4233 1037 4311 peccatorum
1066 4231 1294 4298 remissionem

130 4356 193 4421 per
206 4342 297 4398 tuam
312 4350 468 4415 magnam
483 4327 742 4394 misericordiam
755 4328 789 4391 in
805 4334 839 4393 te
856 4329 1087 4395 confitentibus
1098 4333 1296 4417 prestitisti,
