2940 4996
485 411 537 474 De
557 411 742 477 Ordinibus
761 411 992 497 Conferendis.
1248 397 1313 466 307

700 686 779 751 VII.

381 849 454 931 [DE
479 851 727 918 ORDINIBUS
751 849 1097 927 coNFERENDmu

495 1122 746 1189 ORDINATIO
769 1122 976 1189 OSTIARII.

198 1306 344 1365 ostiarias
357 1329 420 1367 cam
439 1311 604 1383 ordinatur,
618 1319 767 1389 postquam
787 1312 822 1368 ab
836 1310 1039 1369 archidiacono
1060 1308 1315 1387 instructaofaerit

156 1401 281 1479 qualiter
300 1402 332 1460 in
353 1403 435 1462 domo
455 1406 514 1464 Dei
533 1407 630 1464 debeat
647 1408 818 1476 conversari,
835 1407 875 1463 ad
894 1405 1096 1482 sappestionenc
1116 1402 1316 1462 archidiaconi

159 1498 257 1556 tradat
270 1501 298 1556 oi
311 1500 455 1580 episcopas
469 1504 559 1562 claves
572 1505 606 1562 de
620 1505 712 1563 altari
724 1504 828 1561 dicens·

202 1593 256 1657 Sic
271 1615 344 1678 age,
360 1597 460 1678 quusi·
479 1599 673 1663 redditurus
695 1598 768 1664 Deo
790 1598 953 1663 rationem
977 1617 1037 1684 pro
1061 1597 1114 1666 his
1130 1597 1229 1661 rebus
1245 1615 1315 1681 quoe

156 1694 233 1759 istis
249 1696 400 1762 clavibus
415 1699 643 1765 recluduntur.

196 1797 238 1856 Et
251 1799 349 1856 tradat
362 1800 390 1857 oi
403 1801 623 1860 archidiaconus
637 1802 740 1859 ostiara
754 1802 882 1860 ecclesia.

593 1896 732 1972 Praefatio
748 1896 883 1956 Ostiorii.

201 1985 309 2051 Deum
341 1989 474 2053 Patrem
506 1991 767 2075 omnipotentem
799 1992 996 2077 suppliciter
1025 1992 1252 2074 deprecamur,
1278 1995 1316 2052 ut

158 2093 247 2155 hunc
258 2091 419 2156 famulum
437 2113 533 2156 suum
549 2095 602 2157 ili.
616 2096 810 2159 benedicere
826 2096 994 2180 dignetur,
1007 2092 1104 2180 quem
1120 2093 1154 2155 in
1171 2091 1314 2155 officium

158 2193 289 2258 ostiarii
301 2194 426 2278 eligere
442 2195 600 2280 dignatus
617 2202 679 2273 est,
691 2203 729 2261 ut
744 2198 790 2261 sit
804 2197 835 2260 ei
850 2196 1045 2260 fidelissima
1057 2216 1137 2260 curn
1152 2195 1186 2256 in
1201 2194 1317 2256 diebus

159 2320 198 2363 nc
214 2298 378 2373 noctibus,
394 2298 437 2362 ad
457 2299 707 2365 distinctionem
723 2302 881 2365 horarum
904 2300 946 2364 cd
962 2298 1180 2363 invocandum
1197 2315 1317 2360 nomen

162 2401 307 2468 Domini.
353 2402 426 2466 Per.

166 2562 170 2570 ‚
582 2507 748 2567 Benedictio
762 2506 893 2585 ejusdcm.

204 2598 345 2663 Domine
363 2604 488 2675 sancte,
505 2602 607 2665 Pater
622 2604 842 2687 omnipotens,
859 2606 981 2665 aeterne
1004 2600 1106 2676 Dens,
1121 2599 1316 2663 benedicere

159 2701 308 2786 digneris
334 2701 421 2764 hunc
445 2702 608 2767 famulum
639 2711 733 2768 tuum
761 2705 948 2779 ostiarium,
977 2708 1014 2766 ut
1041 2703 1130 2766 inter
1152 2701 1316 2784 janitores

160 2803 318 2868 Ecclesiae
328 2810 425 2886 peret
441 2806 613 2889 obsequio,
626 2814 659 2872 et
672 2808 761 2873 inter
777 2808 903 2872 electos
915 2811 991 2872 tuos
1004 2812 1134 2893 partem
1150 2810 1319 2870 merentur

160 2909 285 2974 hubere
302 2908 474 2973 mercedis.
520 2910 594 2975 Per.
