2940 4996
530 408 784 472 Reconciliatio
799 410 939 473 altaris.

157 786 511 852 RECONCILIATIO
527 790 719 854 ALTARIS
742 791 821 854 UBI
840 789 1133 854 HOMIOIDIUM
1156 790 1313 856 PERPE-

535 893 727 958 TRATUM
750 894 930 958 FUERIT.

203 1079 310 1143 Deum
334 1081 537 1145 indultorem
562 1082 747 1159 criminum,
771 1083 878 1147 Deum
903 1083 1049 1147 sordium
1071 1083 1316 1160 mundatorem,

160 1186 270 1250 Deum
286 1186 343 1268 qui
358 1185 518 1247 mundum
534 1185 755 1269 originalibus
777 1188 923 1271 peccatis
939 1187 1135 1271 depressum
1151 1187 1315 1250 adventus

160 1290 211 1352 sui
227 1289 337 1352 nitore
353 1288 553 1372 purificavit,
570 1288 694 1352 fratres
710 1291 887 1365 carissimi,
905 1289 1074 1374 supplices
1089 1290 1316 1374 deprecemur,

155 1398 321 1456 utcontra
332 1391 457 1455 diaboli
473 1391 621 1455 furentis
637 1393 778 1456 insidias
790 1393 889 1457 fortis
901 1394 997 1457 nobis
1009 1414 1123 1478 pugna
1134 1394 1315 1468 consistat;

161 1503 197 1560 et
219 1497 247 1558 si
270 1495 349 1578 quid
365 1495 439 1576 ejus
455 1495 545 1558 vires
568 1501 604 1559 et
626 1496 830 1561 calliditates
852 1497 1028 1560 cotidianis
1044 1497 1317 1560 infestationibus

159 1602 194 1663 in
224 1600 323 1662 nobis
353 1598 556 1662 maculatum
589 1606 824 1685 corruptumve
854 1601 967 1676 fuerit,
999 1600 1162 1664 efficiatur
1192 1599 1317 1664 coelesti

157 1703 376 1766 miseratione
414 1707 595 1786 purgatum
633 1703 721 1786 quod
752 1703 865 1767 fuerat
895 1703 1002 1788 ipsius
1040 1702 1166 1766 diaboli
1200 1703 1315 1766 fraude

155 1806 340 1892 pollutum;
365 1806 444 1888 quia
461 1806 548 1869 sicut
558 1805 649 1869 illius
662 1812 715 1870 est
725 1806 867 1870 solidum
879 1807 1131 1891 perfectumque
1144 1827 1314 1890 quassare,

156 1911 205 1973 ita
217 1909 365 1973 auctoris
374 1910 482 1971 nostri
494 1914 547 1972 est
558 1908 655 1994 lapsa
664 1909 856 1984 restituere,
868 1910 1021 1973 nutantia
1033 1909 1198 1973 stabilire.
1243 1911 1313 1974 Per.

199 2014 228 2068 A
234 2014 286 2069 lia.

200 2107 303 2182 Deus,
321 2107 372 2188 cuj
380 2129 418 2170 us
434 2107 569 2170 bonitas
586 2113 622 2169 et
636 2107 866 2171 misericordia
886 2129 954 2170 non
970 2108 1090 2171 habuit
1106 2109 1314 2195 principium,

156 2215 205 2276 ita
222 2233 353 2295 quoque
378 2212 566 2275 nonhabet
587 2211 708 2285 finem;
732 2212 790 2294 qui
813 2211 942 2294 pietate
966 2216 1027 2274 tua
1049 2211 1151 2297 eligis
1166 2214 1200 2276 in
1223 2216 1315 2278 nobis

156 2317 266 2400 magis
290 2316 473 2378 restituere
497 2314 633 2399 perdita
655 2336 755 2397 quam
782 2320 961 2399 percutere
987 2316 1161 2399 peritura;
1186 2318 1216 2380 si
1240 2318 1314 2401 quid

157 2420 259 2481 etiam
291 2417 501 2501 negligentia
532 2417 666 2499 polluit,
697 2425 758 2481 aut
788 2420 839 2480 ira
869 2418 1048 2493 commisit,
1078 2424 1140 2482 aut
1171 2421 1314 2485 ebrietas

156 2521 357 2595 stimulavit,
370 2528 430 2584 aut
447 2521 550 2583 libido
568 2522 746 2604 subripuit,
761 2522 920 2596 sustines,
934 2527 972 2585 ut
987 2528 1065 2586 ante
1081 2523 1243 2607 purifices
1259 2547 1314 2609 per

154 2627 311 2709 gratiam,
325 2646 426 2706 quam
444 2625 616 2706 percutias
631 2645 692 2706 per
706 2625 874 2699 furorem
898 2645 940 2687 ne
957 2625 1068 2708 operis
1085 2626 1137 2688 tui
1153 2627 1312 2713 prodigus

155 2728 285 2812 plastes
309 2727 467 2801 videaris,
489 2727 589 2810 eligis
611 2728 724 2809 potius
748 2727 879 2811 erigere
897 2728 1051 2810 jacentia
1073 2750 1173 2811 quam
1198 2732 1313 2815 punire

155 2831 362 2905 damnanda;
388 2838 422 2893 te
451 2831 620 2914 supplices
651 2831 882 2913 deprecamur,
908 2838 947 2894 ut
972 2832 1075 2915 hujus
1105 2835 1314 2899 tabernaculi

154 2934 372 3018 receptacula
383 2934 540 3017 placatus
553 2934 710 3017 accipias,
723 2940 758 2997 et
774 2933 882 2997 altare
895 2939 1001 3010 tuum,
1014 2936 1102 3017 quod
1114 2936 1313 3003 insectantis

153 3046 207 3102 est
228 3040 355 3102 inimici
379 3038 497 3101 fraude
522 3037 701 3119 pollutum,
718 3058 778 3121 per
802 3037 1002 3100 infusionem
1026 3039 1146 3122 gratiae
1170 3042 1311 3107 coelestis

152 3144 322 3227 purifices,
339 3142 619 3225 purificatumque
636 3140 824 3224 possideas,
840 3162 879 3204 ac
897 3141 944 3204 sio
960 3141 992 3203 in
1014 3148 1189 3225 posterum
1206 3146 1311 3210 omnis

153 3247 305 3330 nequitia
330 3244 494 3329 spiritalis
523 3244 730 3320 eliminetur,
755 3244 1061 3329 exstinguaturque
1085 3249 1219 3333 antiqui
1247 3272 1310 3314 ser·

155 3352 268 3435 pentis
285 3349 421 3422 invidia,
440 3355 477 3411 ut
500 3370 573 3410 cum
590 3348 766 3411 fraudibus
791 3349 863 3411 suis
879 3348 1006 3411 diaboli
1030 3356 1143 3415 turma
1158 3353 1312 3435 pellatur.

155 3455 286 3517 Efferat
309 3474 420 3516 secum
445 3452 608 3514 maculam
633 3473 733 3535 quam
756 3450 911 3536 ingessit,
927 3456 963 3514 et
985 3455 1190 3534 perennibus
1212 3478 1312 3540 quau·

154 3559 262 3640 doque
287 3556 461 3641 suppliciis
485 3556 709 3638 deputandus,
733 3577 870 3639 operum
894 3576 1032 3619 suorum
1053 3559 1185 3623 semina
1205 3582 1313 3626 secum

156 3660 296 3744 colligat
318 3661 481 3745 peritura.
527 3659 625 3721 Nihil
652 3659 864 3742 postmodum
889 3664 1007 3723 noceat
1028 3663 1194 3744 praeteriti
1217 3665 1312 3750 culpa

156 3766 325 3849 contagii3
357 3764 440 3827 nibil
471 3764 517 3827 sit
544 3765 633 3847 quod
659 3768 796 3827 maneat
822 3763 950 3827 inimici
980 3765 1098 3828 fraude
1125 3768 1313 3853 pollutum;

156 3869 426 3951 quandoquidem
439 3889 500 3951 per
513 3867 660 3950 Spiritus
673 3875 726 3931 est
738 3868 941 3931 infusionem
957 3875 1150 3953 purgatum,
1160 3881 1312 3961 resurgat

158 3972 305 4034 eeclesiae
322 3976 387 4034 tuae
404 3993 490 4053 pura
504 3971 704 4053 simplicitas
718 3996 725 4046 ;
751 3977 785 4034 et
801 3972 925 4035 candor
935 3972 1143 4051 innocentia,
1154 3977 1313 4042 hactenus

156 4075 337 4149 maculata,
364 4075 441 4137 dum
469 4075 590 4158 recipit
617 4075 773 4159 gratiam,
801 4082 995 4139 revertatur
1021 4077 1064 4140 ad
1089 4077 1258 4162 gloriam3
1280 4089 1314 4145 ut

158 4178 357 4261 populorum
388 4178 457 4242 ista
487 4180 590 4242 turba
620 4179 834 4254 conveniens,
863 4179 941 4242 dum
969 4181 1151 4263 petitiones
1182 4184 1311 4271 ingerit,

160 4291 314 4347 votorum
333 4285 460 4347 sentiat
477 4285 663 4348 obtinuisse
681 4285 854 4368 suffragia.
899 4284 973 4348 Per.
