2940 4996
521 414 704 479 Ordinatio
720 410 952 475 Sacerdotum.

399 736 460 802 DE
483 732 828 802 CELEBRATIONE
850 728 1074 798 ORDINUM.

198 941 245 1000 De
257 940 437 1000 celebratione
450 940 584 999 ordinum
599 946 707 1016 quarta
720 937 882 1016 septimana
896 932 1134 1009 Quadrupesimoe.

212 1037 250 1096 Si
279 1036 423 1114 episeopus
453 1036 565 1095 ordines
592 1036 626 1093 in
652 1042 753 1112 quarto
781 1030 1010 1108 Quadrupesimoe
1039 1029 1150 1086 sabbato
1178 1024 1316 1085 sitientes

157 1131 296 1190 celebrare
315 1131 441 1206 uoluerit,
455 1131 596 1190 induatur
614 1130 686 1188 sicut
705 1129 834 1207 superius
853 1128 970 1200 dicitur,
984 1145 1048 1184 cum
1067 1121 1208 1182 ministris
1220 1120 1279 1178 suis
1293 1127 1318 1177 et

159 1226 343 1285 ordinandis.

176 1355 179 1359 ,
204 1321 336 1398 Officium
349 1321 403 1379 erit
417 1321 569 1381 sitientes.

216 1415 325 1474 Prima
348 1415 470 1488 collecta,
492 1437 554 1492 quoe
581 1423 646 1494 post
669 1415 792 1492 officium
819 1413 959 1474 sitientes
982 1411 1090 1488 scripta
1113 1415 1160 1479 est,
1182 1405 1297 1463 dicatur
1308 1425 1319 1474 ;

160 1509 287 1568 secunda
310 1510 373 1581 erit,
395 1530 456 1586 quoe
478 1511 543 1588 ipsa
567 1511 614 1569 die
640 1532 724 1589 super
744 1510 885 1588 populum
907 1509 1054 1578 diceretur,
1078 1504 1105 1562 si
1126 1501 1237 1561 ordines
1263 1519 1320 1556 non

154 1607 281 1682 fierent;
301 1605 385 1662 tertia
403 1605 526 1675 collecta,
540 1614 653 1682 quarta,
671 1605 781 1682 quinta,
797 1612 823 1663 et
841 1611 926 1677 senta,
943 1604 1015 1662 sicut
1034 1599 1190 1659 continetur
1209 1595 1321 1653 sabbato

157 1700 266 1779 prima
280 1697 443 1777 septimana
457 1698 696 1776 Quadraqesimoe.

218 1794 328 1853 Prima
357 1794 435 1853 lectio
465 1795 519 1853 erit
546 1796 663 1873 epistola
689 1797 772 1854 istius
802 1795 900 1873 quarti
927 1793 1044 1864 sabbati,
1074 1810 1160 1868 qnam
1189 1791 1322 1863 sequatur

162 1889 283 1968 9raolale
302 1889 453 1947 secundum
472 1891 564 1968 ipsius
585 1890 645 1949 diei
655 1913 667 1963 ;
686 1890 808 1949 secunda
829 1890 916 1962 lectio,
936 1889 1029 1960 tertia,
1043 1895 1156 1965 quarta,
1179 1902 1243 1942 cum
1262 1878 1322 1936 suis

163 1983 332 2061 9radalibus
345 1991 426 2041 erunt
441 1983 510 2064 ipsae
523 2005 584 2060 quoe
603 1985 637 2042 in
656 1986 768 2044 sabbato
783 1985 891 2063 prima
908 1985 1070 2062 septimana
1092 1974 1322 2054 Quadrayesimae

165 2079 303 2137 liabentm
312 2100 324 2149 ,·
348 2077 448 2154 quinta
470 2079 548 2136 lectio
566 2087 591 2137 et
611 2080 726 2158 epistola
745 2079 840 2138 eadem
860 2080 996 2138 labentur
1015 2098 1079 2137 oum
1101 2078 1161 2136 suis
1188 2075 1323 2134 tractibus

166 2193 229 2250 qiua
242 2173 276 2230 in
284 2173 383 2249 primo
396 2173 532 2231 labentur
545 2176 656 2233 sabbato
671 2174 909 2251 Quadrayesimoe.

207 2265 407 2342 Euanqelium,
431 2268 611 2343 offirtorinm,
635 2277 776 2341 secretum,
798 2268 964 2339 communio,
988 2265 1220 2346 postcommunio,
1242 2269 1325 2323 erunt

168 2383 232 2440 qua
245 2360 284 2418 ad
297 2361 443 2419 seruitium
456 2361 539 2419 istius
551 2363 660 2421 sabbati
673 2363 865 2421 inueniuntur.

212 2457 314 2517 Oratio
327 2477 410 2534 super
422 2458 568 2535 populum,
582 2459 609 2516 si
621 2458 734 2517 ordines
741 2460 827 2535 fiant,
843 2459 962 2517 minime
974 2457 1097 2517 dicatur.

214 2553 256 2611 Et
269 2554 424 2612 notandum
440 2553 515 2631 qnod
533 2555 567 2612 in
586 2556 631 2613 liis
649 2555 770 2613 sabbatis
790 2555 952 2614 adsertam
973 2555 1113 2613 collectam
1132 2574 1190 2613 non
1210 2549 1326 2621 dicitur,

174 2651 337 2711 Flectamus
350 2671 450 2729 genua.

214 2746 258 2805 In
278 2747 389 2805 sabbato
414 2755 509 2805 sancto
532 2746 659 2818 Pascboe,
688 2747 716 2805 si
736 2747 877 2825 episcopus
898 2746 1036 2822 ymerales
1057 2745 1168 2804 ordines
1194 2742 1328 2801 celebrare

175 2842 303 2912 voluerit,
329 2843 397 2900 lecta
412 2843 513 2920 prima
534 2844 655 2915 lectione,
683 2844 719 2902 In
741 2843 884 2922 principio
904 2842 1022 2913 creavit,
1045 2850 1069 2901 et
1090 2842 1214 2900 oratione
1231 2839 1330 2918 prima

175 2937 261 3007 dicta,
285 2945 413 2994 vocentur
433 2937 555 3010 ostiarii,
577 2946 602 2996 et
619 2939 753 2996 instructi
772 2938 946 2996 ordinentur.
989 2936 1100 3008 Postea,
1114 2938 1189 2994 dicta
1208 2933 1329 2993 secunda

175 3032 310 3103 oratione,
325 3031 491 3089 ordinentur
506 3033 623 3090 lectores.
664 3034 753 3091 Dicta
766 3033 850 3090 tertia
861 3033 997 3104 oratione,
1006 3033 1172 3090 ordinentur
1181 3030 1329 3088 exorcistae.

177 3122 247 3183 Post
281 3133 414 3203 quamam
451 3127 605 3185 orationem
639 3136 703 3186 ante
741 3135 871 3197 tractum,
908 3127 988 3187 Sicut
1020 3146 1131 3197 corrue,
1167 3126 1333 3184 ordinentur

176 3220 307 3298 acolytbi.
352 3218 429 3277 Ante
456 3220 602 3297 epistolam
628 3222 790 3280 immediate
818 3222 992 3294 subdiaconi,
1013 3231 1039 3280 ot
1066 3231 1130 3279 ante
1157 3219 1331 3296 euangelium

178 3314 295 3372 dinami
306 3312 482 3371 ordinentur.
524 3314 684 3374 Sacerdotes
698 3337 761 3374 uero
775 3317 873 3374 statim
888 3317 953 3374 lecto
967 3317 1119 3392 euanyelio.

218 3407 327 3480 Qnibm
340 3408 490 3480 ordinatis,
507 3410 585 3468 dicat
598 3411 749 3489 episcopus,
766 3413 907 3471 Dominus
922 3412 1068 3470 vobiscum
1087 3418 1112 3469 ct
1127 3409 1260 3480 Oremus,
1274 3407 1334 3466 sine

79 3505 81 3508 ’
177 3503 326 3580 offertorio.

217 3597 260 3655 Et
282 3597 352 3655 dnm
374 3617 491 3675 uespera
514 3607 675 3670 cantantur,
702 3600 776 3677 quod
802 3609 886 3659 restat
913 3600 947 3659 de
974 3600 1143 3660 ordinandis
1165 3597 1334 3677 presbyteris

177 3691 352 3769 perficiatur.

225 3784 380 3844 Sciendum
400 3786 475 3863 qnod
497 3787 638 3864 episcopus
652 3809 707 3866 per
730 3796 818 3847 totum
840 3810 947 3848 annum
971 3790 1004 3847 in
1023 3789 1175 3847 dominicis
1196 3788 1238 3845 uel
1251 3786 1334 3864 festis

180 3879 369 3958 apostolorum
382 3889 407 3939 et
420 3881 489 3939 aliis
502 3883 670 3960 duplicibus,
683 3905 746 3942 cum
760 3886 877 3944 missam
890 3886 1013 3956 celebrat,
1025 3886 1052 3943 si
1064 3885 1182 3943 noluerit
1196 3893 1221 3943 et
1233 3905 1335 3942 necesse

171 3977 274 4052 fuerit,
295 3983 382 4052 potest
402 3977 535 4036 ordinare
556 3978 674 4056 acolytos
688 4000 778 4037 unum
791 3981 834 4038 uel
853 3980 923 4038 duos
935 3981 977 4038 uel
995 3989 1056 4041 tres.
1101 3980 1156 4040 Sed
1175 4002 1232 4039 non
1248 3986 1335 4057 potest

180 4091 228 4129 nec
252 4069 328 4128 debet
351 4071 470 4128 eundem
491 4072 631 4149 acolytum
654 4082 678 4131 et
701 4074 902 4133 subdiaconum
923 4075 1019 4133 eadem
1039 4076 1246 4147 diaordinarc,
1265 4074 1335 4151 qnia

181 4185 256 4223 nnnc
285 4165 318 4222 in
344 4165 458 4224 ecclesia
484 4174 606 4242 quatuor
635 4168 756 4226 minores
782 4167 903 4239 ordines,
935 4169 1039 4227 scilicet
1066 4171 1189 4243 ostiarii,
1217 4170 1335 4239 lectores,

182 4259 331 4330 exorcista,
364 4267 390 4318 et
420 4261 574 4338 acolutatus
603 4262 690 4320 simul
720 4261 908 4338 conferuntur,
940 4263 991 4340 qui
1020 4264 1089 4323 olim
1118 4265 1152 4323 in
1180 4263 1336 4343 primitiva

183 4352 294 4411 ccclesia
323 4354 478 4432 separatim
497 4354 613 4430 flebant.
667 4356 704 4414 Et
731 4364 796 4414 tunc
824 4357 905 4416 licuit
932 4378 1021 4416 unum
1051 4358 1166 4417 illorum
1193 4356 1336 4418 minorum

270 4449 310 4512 5.
