2940 4996
487 425 534 486 Dc
552 424 674 489 Pallio
691 426 966 506 Arcbiepiscopi.

159 767 414 832 ORATIONES
437 769 541 852 QUAE
566 769 783 834 DICENDAE
813 770 933 834 SUNT
959 768 1104 833 SUPER
1132 765 1321 831 ARCHIE·

266 871 449 936 PISOOPO
472 872 731 957 ANTEQUAM
753 873 961 938 PALLIUM
984 869 1207 936 ΑΟΟΙΡΙΑΤ.

201 1060 303 1136 Deus,
329 1062 541 1144 omnipotens
566 1063 676 1137 Pater,
701 1063 759 1145 qui
786 1084 852 1125 non
879 1061 1025 1147 propriis
1052 1058 1320 1144 suffragantibus

157 1164 287 1227 meritis
305 1164 363 1226 sed
380 1163 452 1227 sola
469 1165 631 1227 ineffabili
648 1166 766 1249 gratiae
781 1173 846 1229 tuae
861 1165 1021 1250 largitate
1039 1165 1140 1227 istum
1156 1161 1320 1226 famulum

159 1279 252 1336 tuum
270 1271 321 1333 ill.
347 1270 469 1353 populo
486 1276 545 1333 tuo
568 1292 712 1354 praeesse
732 1271 870 1354 jussisti
882 1296 891 1348 ;
916 1273 1027 1336 tribue
1044 1270 1074 1332 ei
1098 1290 1159 1354 per
1175 1268 1322 1353 gratiam

158 1376 305 1458 Spiritus
322 1374 436 1437 Sancti
453 1375 503 1437 tui
520 1375 620 1468 digne
638 1375 700 1438 tibi
717 1375 909 1460 persolvere
925 1375 1149 1439 ministerium
1168 1373 1322 1435 sacerdo·

157 1480 237 1543 talis
262 1479 361 1542 officii
384 1484 418 1541 et
442 1477 681 1542 ecclesiasticis
705 1480 944 1542 convenienter
960 1478 1087 1541 servire
1111 1475 1321 1549 ministeriis,

157 1585 353 1668 plebemque
371 1582 582 1645 commissam
600 1583 640 1645 ad
658 1583 801 1666 gloriam
818 1584 868 1645 tui
885 1582 1040 1657 neminie,
1057 1586 1091 1643 te
1108 1581 1143 1642 in
1161 1579 1317 1642 omnibus

156 1691 365 1772 protegente,
383 1686 574 1768 gubernare
591 1686 744 1748 concede.
791 1686 867 1748 Per.

197 1791 281 1847 Alio.

200 1886 304 1959 Deus,
316 1884 514 1947 innocentiae
527 1885 706 1948 restitutor
723 1892 758 1949 et
773 1891 914 1960 amator,
928 1885 1035 1968 dirige
1049 1886 1139 1950 hunc
1155 1886 1318 1951 famulum

159 2000 254 2057 tuum
271 1990 323 2052 ill.
343 1989 489 2072 Spiritus
504 1991 554 2052 tui
572 1991 715 2065 fervore,
732 1991 820 2053 utin
837 1991 901 2053 fide
925 1992 1118 2055 inveniatur
1136 1993 1271 2056 stabilis
1287 2002 1320 2055 et

158 2100 193 2160 in
221 2095 377 2178 operibus
402 2093 470 2155 tuis
499 2094 626 2156 efficax.
672 2093 842 2158 inlumina
869 2116 943 2157 eum
969 2095 1095 2158 lumine
1123 2097 1318 2181 sapientiae;

158 2200 282 2263 munda
298 2219 372 2260 eum
392 2203 426 2259 et
443 2197 633 2271 sanctifica3
658 2198 702 2260 da
724 2199 753 2260 ei
772 2199 948 2261 consilium
973 2206 1112 2277 rectum,
1131 2202 1317 2266 doctrinam

159 2312 331 2377 sanctam3
368 2307 401 2364 et
436 2301 493 2384 qui
531 2323 606 2363 eum
641 2303 732 2364 inter
766 2324 912 2366 summos
948 2305 1140 2368 sacerdotes
1178 2306 1314 2370 voluisti

159 2427 347 2479 numerare,
365 2403 506 2466 concede
530 2410 568 2467 ut
585 2406 673 2486 quod
696 2406 842 2468 humano
857 2427 915 2468 ore
940 2428 1014 2470 eum
1032 2408 1170 2472 voluisti
1195 2410 1315 2483 vocari,

158 2515 221 2573 hoc
239 2510 272 2571 in
290 2512 470 2590 conspectu
487 2511 545 2568 tuo
562 2528 622 2596 per
638 2509 782 2591 gratiam
800 2515 865 2572 tuae
881 2509 1022 2592 pietatis
1038 2513 1148 2595 possit
1162 2512 1257 2588 fieri;
1282 2518 1318 2575 ut

159 2635 233 2676 oum
259 2611 376 2674 electis
398 2609 467 2672 tuis
493 2614 623 2673 aeternae
647 2610 723 2673 vitae
746 2611 990 2675 beatitudinem
1015 2614 1189 2700 percipere
1215 2636 1317 2679 mere-

159 2724 247 2780 atur.

198 2818 334 2893 Sequitur
348 2817 440 2874 oratio
451 2825 602 2892 postquam
618 2824 761 2893 acceptam
767 2817 870 2892 faerit.

200 2913 351 2989 Domine,
370 2918 485 2976 sancte
502 2915 613 2989 Pater,
628 2914 839 2998 omnipotens
857 2920 979 2978 aeterne
996 2915 1097 2993 Deus,
1111 2917 1184 2980 Rex
1201 2939 1313 3004 regum

158 3029 192 3085 et
215 3019 379 3083 Dominus
403 3019 656 3091 dominantium,
680 3017 892 3082 clementiam
917 3023 1011 3083 tuam
1037 3021 1215 3086 humiliter
1240 3045 1314 3088 exo-

156 3145 281 3201 ramus,
313 3144 442 3185 necnon
474 3127 509 3184 et
539 3121 706 3204 unigeniti
737 3122 816 3184 Filii
847 3123 898 3185 tui
928 3121 1063 3186 Domini
1093 3128 1205 3190 nostri
1233 3129 1312 3192 iesu

157 3229 294 3304 Christi,
319 3227 376 3309 qui
400 3246 514 3287 omnes
537 3231 662 3288 aeterno
685 3227 882 3309 pontificatu
907 3229 1145 3310 supereminet,
1162 3236 1199 3294 et
1221 3233 1310 3297 solus

157 3335 229 3395 sine
267 3330 400 3392 macula
437 3327 647 3390 sacerdotale
682 3329 907 3393 ministerium
942 3331 1106 3414 implevit,
1147 3334 1309 3420 simulque

158 3435 271 3499 Sancti
290 3434 445 3517 Spiritus,
462 3432 558 3513 cujus
576 3431 762 3514 septiformi
778 3434 892 3517 gratia
908 3434 1035 3499 coelesti
1052 3436 1180 3501 virtute
1197 3445 1313 3503 cuncta

157 3539 367 3611 sanctificas;
392 3542 430 3599 ut
452 3537 540 3598 hunc
563 3535 727 3598 famulum
751 3543 846 3600 tuum
868 3538 932 3614 tlt,
955 3539 1073 3602 divinae
1097 3543 1312 3624 providentie

155 3642 265 3727 gratia
293 3640 469 3724 largiente,
494 3661 513 3702 a
540 3640 726 3703 minoribus
750 3663 855 3724 usque
879 3642 921 3705 ad
950 3644 1079 3726 majora
1102 3665 1164 3727 per
1191 3647 1312 3732 gradus

155 3744 387 3808 ascendentem
402 3763 552 3825 supernae
566 3743 705 3826 pietatis
719 3750 783 3806 tuae
800 3746 926 3827 gremio
938 3751 1118 3830 gratanter
1130 3750 1311 3834 suscipias;

156 3856 190 3913 et
221 3849 300 3931 quia
331 3848 428 3910 nobis
463 3847 611 3930 indignis
642 3869 726 3930 quos
761 3849 851 3911 sedis
886 3850 1077 3934 apostolicae
1110 3873 1310 3937 summaeque

155 3953 328 4014 ministros
355 3951 529 4014 servitutis
554 3973 620 4014 non
648 3952 861 4036 exigentibus
886 3954 1016 4017 meritis
1045 3956 1103 4018 sed
1130 3955 1220 4020 dono
1251 3958 1312 4021 cle·

154 4056 286 4117 montiae
297 4061 361 4117 tuae
375 4054 592 4130 constituisti,
607 4055 812 4119 salutaribus
822 4056 1027 4122 indumentis
1039 4059 1080 4122 ad
1095 4059 1184 4123 sacri
1196 4060 1312 4125 altaris

155 4158 297 4219 officium
333 4159 425 4220 foras
459 4159 603 4221 vestitus
638 4159 672 4220 in
708 4161 864 4242 praesenti
899 4169 1052 4246 apparet,
1083 4164 1126 4226 ab
1159 4165 1311 4228 omnibus

154 4261 327 4322 criminum
353 4262 518 4345 contagiis
536 4263 724 4346 castigatus
747 4272 910 4348 perpetua
934 4266 1080 4349 Spiritus
1097 4267 1148 4331 tui
1167 4268 1310 4331 sanctifi·

153 4365 283 4427 catione
315 4366 408 4429 intus
439 4366 571 4449 impleri
603 4375 792 4445 mereatum
826 4369 958 4453 vivique
992 4371 1098 4436 fontis
1132 4373 1312 4438 fluentibus
