2940 4996
207 418 271 480 226
578 421 796 484 Consecratio
812 421 991 502 Episcopi.

248 623 299 681 Ita
313 624 405 699 ipitur
417 622 597 681 examinatus
617 632 642 681 et
655 625 719 682 bene
738 625 901 694 instructus,
918 644 982 682 cum
1001 643 1134 681 carisensu
1154 623 1323 681 clericorum
1344 629 1370 678 et

210 721 349 780 laicorum
364 740 397 776 ac
417 726 552 777 conuentu
566 719 651 776 totius
667 719 825 796 prouinciae
845 719 1047 796 episcoporum,
1063 719 1096 777 in
1116 719 1230 776 nomine
1243 716 1371 776 Domini

211 816 369 873 ordinetur.

249 908 365 967 Deinde
378 916 478 965 cantor
491 907 617 984 incipiat
631 909 819 986 antiphonam
832 908 872 965 ad
885 908 1046 981 introitum,
1060 917 1085 966 et
1098 917 1188 967 cetera
1203 930 1237 967 en
1250 928 1337 965 more.

255 1005 421 1085 Sequitur
435 1004 559 1064 oratio.

255 1106 381 1169 Adesto
398 1104 697 1187 supplicationibus
718 1105 855 1182 nostris,
872 1105 1081 1190 omnipotens
1104 1103 1207 1182 Deus,
1223 1112 1262 1169 ut
1284 1104 1372 1189 quad

213 1208 414 1273 humilitatis
437 1213 558 1271 nostrae
579 1209 760 1292 gerendum
785 1213 837 1271 est
859 1209 1056 1286 ministerio,
1070 1214 1135 1272 tuae
1158 1209 1298 1273 virtutis
1314 1210 1375 1272 im-

215 1312 348 1398 pleatur
363 1312 494 1373 effectu.
540 1311 604 1372 Per
617 1308 806 1373 Dominum.

255 1414 297 1471 Et
310 1421 400 1471 cetera
414 1433 446 1469 en
458 1433 534 1470 more
554 1421 703 1470 cantentur
716 1434 801 1490 usque
815 1414 854 1471 ad
874 1413 1067 1491 repetitionem
1081 1411 1219 1490 Alleluya
1232 1412 1277 1471 uel
1289 1433 1376 1489 usque

216 1509 256 1566 ad
269 1510 403 1565 ultimum
416 1527 525 1564 uersum
539 1515 653 1565 tractas.

259 1602 393 1671 Interim,
416 1602 487 1658 dunc
507 1603 564 1659 licea
579 1603 668 1677 finnt,
684 1601 847 1677 eprediatur
867 1601 1088 1658 archidiaconus
1108 1621 1172 1658 cum
1193 1601 1334 1678 acolythis
1353 1609 1379 1658 et

217 1698 396 1767 subdiacano,
411 1704 435 1753 et
448 1696 553 1752 induat
566 1696 661 1771 ipsum
675 1697 789 1753 eiectum
803 1696 970 1765 dalmatica,
982 1696 1110 1772 planeta,
1122 1703 1148 1752 et
1161 1696 1308 1772 compapis
1320 1718 1332 1767 ;
1352 1704 1377 1754 ct

219 1792 275 1849 duo
295 1790 428 1867 episcopi,
444 1790 524 1865 capis
544 1789 652 1859 induti,
673 1789 814 1846 deducam
833 1810 897 1846 euni
916 1789 1046 1865 superius
1066 1797 1130 1847 ante
1151 1790 1252 1862 attare,
1267 1798 1294 1848 et
1313 1811 1376 1849 con·

219 1894 325 1943 uertens
338 1905 365 1941 se
379 1884 605 1959 archiepiscopus
619 1883 658 1940 ad
671 1883 890 1952 circumstantes,
904 1882 984 1939 dieat
996 1883 1069 1940 lianc
1082 1885 1250 1941 orationem.

265 1980 414 2055 Oremus,
431 1978 641 2042 dilectissimi
656 1980 763 2053 nobis,
779 1983 818 2042 ut
831 1977 908 2040 huic
924 1978 996 2040 viro
1012 1977 1054 2040 cd
1069 1977 1213 2042 utilitati
1229 1978 1378 2044 eeclesiae

220 2083 409 2168 providens,
436 2081 627 2165 benignitus
657 2081 894 2164 omnipotentis
919 2080 982 2144 Dei
1008 2081 1125 2165 gratiss
1156 2102 1224 2145 suae
1250 2083 1380 2148 tribuat

222 2186 425 2271 largitatem.
450 2186 522 2247 sine
539 2184 613 2246 Per.

262 2288 304 2346 Et
317 2297 415 2345 statim
435 2295 563 2345 cantetur
584 2287 691 2345 litania
712 2307 730 2344 a
751 2287 858 2345 dnobus
871 2288 1018 2365 episcopis,
1033 2296 1058 2346 et
1073 2296 1238 2365 prosternat
1258 2310 1287 2347 se
1300 2291 1377 2348 ordi-

221 2393 304 2444 nator
323 2383 410 2440 simul
423 2402 488 2439 cum
501 2382 582 2439 electo
602 2389 628 2437 ot
648 2382 745 2438 ceteris
759 2390 823 2439 ante
844 2383 935 2439 attare
955 2403 1039 2459 super
1056 2390 1211 2439 stramenta
1225 2384 1268 2441 ad
1288 2384 1378 2442 basim

222 2480 325 2539 altaris
335 2501 346 2550 ;
367 2497 482 2552 cumque
502 2477 594 2533 dictus
606 2474 700 2552 fuerit
720 2477 770 2534 itte
788 2498 893 2548 versus,
916 2477 961 2535 Ut
980 2476 1213 2555 archipraesulem
1235 2487 1377 2550 nostrum,

223 2574 302 2631 dieat
315 2573 374 2649 ipse
387 2572 435 2628 tos
448 2591 551 2630 corsus.

265 2667 316 2730 Ut
330 2667 417 2728 hunc
434 2664 578 2728 electum
593 2664 788 2729 benedicere
805 2665 974 2751 digneris3

268 2771 317 2833 Ut
331 2770 420 2831 hune
437 2816 443 2830 .
463 2816 469 2829 .
488 2768 516 2828 .*
777 2832 779 2836 .

227 2877 394 2936 ...tuum
418 2890 520 2933 cornu
546 2868 663 2953 grctiae
685 2869 904 2934 sacerdotalis
926 2869 1167 2935 benedictionis
1189 2876 1258 2937 tuae
1280 2874 1316 2937 in
1343 2895 1380 2937 eo

227 2973 359 3039 effunde
398 2972 567 3035 virtutem.
627 2971 692 3034 Per
729 2970 906 3036 Dominum
945 2979 1109 3039 nostrum.
1171 2977 1211 3040 In
1252 2976 1381 3041 unitate

228 3075 389 3159 ejusdem.

271 3177 353 3246 Quod
366 3173 492 3251 sequitur
505 3173 620 3230 dicatur
632 3173 714 3231 modo
722 3173 913 3251 praefationis.

271 3274 336 3336 Per
352 3270 462 3333 omnia
478 3268 597 3332 saeeulu
614 3267 819 3333 saeculorum.
865 3271 981 3335 Amen.

272 3373 434 3438 Dominus
448 3371 630 3434 vobiscum.

273 3479 413 3542 Sursum
429 3473 539 3538 corda.

274 3578 409 3645 Gratias
424 3596 563 3660 egemus
578 3575 721 3641 Domino
737 3574 808 3641 Deo
823 3583 949 3642 nostro.

272 3684 361 3748 Vere
382 3680 517 3764 dignum
545 3683 581 3742 et
603 3679 732 3762 justum
758 3686 820 3758 est,
844 3703 973 3765 aequum
997 3688 1032 3748 et
1058 3682 1218 3762 salutare,
1242 3707 1304 3751 nos
1326 3687 1383 3753 tibi

230 3807 361 3869 semper
377 3788 410 3847 et
426 3782 548 3864 ubique
571 3782 700 3865 gratius
722 3804 832 3867 agere,
849 3783 1000 3862 Domine,
1017 3791 1131 3851 sancte
1153 3788 1268 3866 Pater,
1284 3791 1383 3855 omni-

231 3895 351 3975 potens
372 3890 494 3950 aeterne
517 3884 627 3960 Deus;
652 3886 927 3950 honor·0mnium
951 3888 1162 3974 dignitatum,
1179 3911 1252 3974 quae
1274 3892 1382 3978 glorie

228 3999 293 4056 tuae
315 3990 419 4055 sceris
434 3988 640 4053 famulantur
655 3989 844 4067 ordinibus;
867 3990 970 4068 Deus,
986 3993 1042 4073 qui
1066 3994 1207 4077 Moysen
1223 3996 1379 4061 famulum

228 4100 323 4161 tuum
344 4092 463 4156 secreti
478 4090 656 4156 familiaris
671 4094 777 4158 effatu
799 4094 889 4159 inter
903 4099 1016 4160 cetera
1031 4094 1174 4160 coelestis
1189 4097 1380 4165 documenta

233 4315 249 4348 *¹
270 4312 296 4366 A
309 4307 373 4365 tolio
386 4269 516 4366 hasbeen
528 4309 582 4365 lost
595 4311 666 4366 hers.
