2940 4996
384 407 635 471 Reconciliatio
652 408 815 471 Ecclesioe
830 406 884 471 vel
902 407 1102 470 Ooemeterii.

208 611 338 674 Chorus
354 614 557 693 respondeat
572 614 631 677 sic.

160 775 1019 890 Q

202 921 383 999 Do-mi-ne,
400 925 442 988 ad
458 926 712 1008 ad-ju-vandum
728 947 780 988 me
796 925 961 990 fes-ti-na.

204 1024 319 1090 Gloria
335 1028 439 1090 Patri.
487 1027 580 1091 Sicut
596 1035 679 1093 erat.
724 1028 885 1094 Alleluia.

196 1128 298 1186 Postea
307 1130 364 1204 fiot
378 1130 529 1187 benedictio
543 1131 621 1200 solis,
639 1153 728 1208 oqooe,
742 1132 879 1202 cinerum,
896 1130 1007 1200 etvini,
1024 1129 1074 1189 hoo
1087 1130 1177 1188 inodo.

202 1225 362 1288 Exoroizo
379 1231 422 1301 te,
439 1232 594 1291 creatura
616 1226 708 1302 salis,
725 1228 907 1292 innomine
930 1226 1064 1291 Domini
1087 1221 1323 1302 nostrivlalesu

157 1327 293 1403 Christi,
318 1329 375 1411 qui
402 1329 566 1413 apostolis
593 1329 662 1392 suis
686 1330 744 1406 ait,
767 1329 840 1393 Vos
867 1330 950 1394 estis
978 1330 1028 1393 sal
1054 1335 1175 1417 terrae;
1200 1336 1237 1392 et
1262 1348 1323 1411 per

159 1431 348 1514 apostolum
365 1432 455 1508 dicit,
474 1431 525 1495 Sit
541 1453 598 1495 cor
612 1437 762 1496 vestrum
779 1432 850 1497 sale
867 1432 1055 1509 conditum;
1078 1438 1117 1496 ut
1135 1429 1322 1506 sanctifi-fi-

156 1535 241 1598 ceris
259 1536 299 1598 ad
324 1536 606 1599 consecrationem
627 1536 701 1618 (oet
722 1536 1041 1621 reconciliationem)
1058 1535 1160 1619 hujus
1175 1533 1323 1598 ecclesiae

157 1644 191 1700 et
217 1638 335 1701 altaris
361 1638 435 1720 (vel
461 1639 653 1722 coemeterii)
684 1640 726 1703 ad
753 1639 968 1723 expellendas
995 1660 1108 1703 omnes
1135 1638 1320 1700 daemonum

157 1742 406 1823 temptationes,
423 1746 457 1804 et
472 1742 624 1804 omnibus
640 1741 697 1825 qui
713 1764 754 1805 ex
770 1750 804 1806 te
821 1742 1034 1825 sumpserint,
1051 1744 1099 1805 sis
1114 1740 1265 1826 corporis
1288 1746 1322 1804 et

158 1845 274 1908 animae
290 1849 524 1920 tutamentum,
541 1846 670 1909 sanitas
686 1851 720 1909 et
735 1846 898 1928 protectio
915 1850 950 1910 et
965 1845 1171 1908 confirmatio
1189 1843 1318 1907 salutis.

158 1951 224 2012 Per
245 1970 320 2013 eum
344 1949 401 2032 qui
424 1955 586 2013 venturus
609 1957 662 2013 est
680 1950 832 2034 judicare
855 1950 951 2015 vivos
973 1956 1010 2015 ct
1030 1955 1181 2014 mortuos
1205 1952 1240 2012 et
1263 1968 1320 2010 sae·

158 2054 267 2118 culum
284 2055 482 2138 perignem.
528 2055 645 2118 Amen.
1326 2040 1329 2046 ¹

203 2158 402 2221 Benedictio
419 2158 516 2222 cotia.

203 2261 354 2325 Oremus.

205 2367 337 2430 Oratio.
381 2362 523 2429 Domine
541 2370 667 2441 sancte,
682 2365 785 2429 Pater
800 2365 1022 2450 omnipotens,
1038 2360 1218 2442 beneffldic
1234 2363 1318 2428 hanc

157 2475 345 2533 creaturam
376 2469 457 2532 salis
487 2469 529 2532 ad
564 2470 778 2553 effugandum
811 2467 991 2545 inimicum,
1022 2477 1057 2532 et
1087 2468 1257 2531 salubrem
1287 2466 1315 2529 ei

155 2572 352 2635 medicinam
376 2572 528 2648 immitte,
552 2578 591 2636 ut
613 2572 654 2635 ad
682 2573 799 2636 animae
823 2578 858 2636 et
880 2572 1029 2656 corporis
1057 2593 1092 2635 se
1114 2572 1315 2635 sumentium

155 2676 308 2760 proficiat
324 2676 512 2739 sanitatem.
557 2676 622 2738 Per
636 2674 813 2737 Dominum
828 2682 993 2739 nostrum.

200 2768 365 2860 Sequitur
380 2780 585 2842 eaoreismas
602 2799 712 2860 oqaoe.

201 2882 361 2946 Exoroizo
372 2888 416 2957 te,
430 2887 584 2946 creatura
595 2903 697 2965 aquae,
708 2881 742 2943 in
754 2880 886 2943 nomine
896 2879 959 2944 Dei
968 2873 1004 2948 *l*
1013 2881 1126 2946 Patris
1142 2887 1177 2946 et
1192 2881 1270 2945 Filii
1280 2892 1316 2966 ,ιη

157 2990 191 3050 et
209 2985 352 3070 Spiritus
363 2990 400 3064 ›1‹
413 2985 535 3061 Sancti,
548 2990 587 3048 ut
601 2983 747 3069 repellas
763 2982 931 3047 diabolum
947 3006 967 3048 a
983 2984 1125 3048 termino
1136 2984 1316 3067 justorum,

155 3110 197 3151 ne
215 3088 309 3152 sitin
326 3088 528 3150 umbraculis
545 3089 644 3171 hujus
660 3087 807 3150 ecclesiae
830 3086 884 3150 vel
900 3086 1038 3163 altaris3
1062 3094 1097 3151 et
1112 3094 1161 3165 tu,
1176 3087 1316 3151 Domine

155 3192 176 3255 J
179 3213 239 3255 esu
256 3191 400 3267 Christe,
414 3191 550 3254 infunde
568 3191 728 3275 Spiritum
741 3191 899 3254 Sanctum
915 3189 949 3253 in
964 3191 1049 3255 banc
1064 3191 1198 3255 domum
1215 3198 1315 3266 tuam,

153 3296 227 3378 (vel
243 3297 304 3358 hoc
328 3293 461 3376 altare)
478 3301 516 3358 ut
538 3295 694 3379 proficiat
710 3294 849 3358 sanitati
871 3315 1046 3377 corporum
1063 3294 1315 3380 animarumque

155 3399 366 3464 adorantium
390 3406 435 3474 te,
459 3405 493 3463 et
520 3398 752 3483 magnificetur
772 3419 891 3460 nomen
916 3403 1010 3460 tuum
1032 3397 1067 3460 in
1090 3399 1259 3483 gentibus,
1282 3404 1315 3462 et

153 3501 314 3565 increduli
339 3502 437 3565 corde
468 3506 706 3565 convertantur
731 3500 773 3564 ad
802 3505 848 3576 te,
876 3505 911 3564 et
939 3521 1005 3563 non
1035 3500 1182 3565 habeant
1213 3502 1314 3567 alium

155 3603 262 3669 Deum
290 3612 410 3688 praeter
432 3609 477 3679 te,
499 3602 677 3666 Dominum
706 3603 822 3679 solum,
844 3603 900 3687 qui
923 3608 1084 3666 venturus
1108 3624 1147 3668 es
1164 3603 1315 3687 judicare

157 3709 253 3771 vivos
269 3713 304 3771 et
318 3713 479 3771 mortuos.

201 3812 402 3873 Benedictio
418 3831 529 3892 oquce.

201 3912 352 3975 Oremus.

203 4016 333 4079 Oratio.
379 4014 519 4078 Domine
548 4019 674 4090 sancte,
697 4014 800 4078 Pater
826 4015 1046 4099 omnipotens,
1074 4021 1225 4082 statutor
1249 4039 1315 4082 om·

155 4120 245 4182 nium
274 4117 523 4192 elementorum,
551 4118 607 4202 qui
637 4138 697 4201 per
726 4115 843 4181 Jesum
871 4118 1042 4183 Christum
1068 4120 1192 4185 Filium
1222 4129 1314 4187 tuum

154 4221 332 4287 Dominum
354 4230 515 4297 nostrum,
532 4221 593 4285 hoc
617 4222 819 4285 elementum
842 4243 934 4305 aquae
957 4224 991 4286 in
1015 4223 1157 4290 salutem
1181 4226 1315 4291 humani

155 4324 287 4412 generis
311 4345 385 4388 csse
409 4324 566 4401 voluisti;
590 4329 624 4388 te
649 4323 817 4408 supplices
840 4325 1066 4410 deprecamur,
1090 4335 1128 4394 ut
1151 4330 1315 4395 exauditis
