2940 4996
152 395 216 456 364
565 389 773 453 Ordinatioa
789 388 896 450 Lista.

195 568 316 631 Frater
333 565 527 627 Willeimus
545 547 673 626 Barher
719 562 902 732 }oanoniei
932 561 1102 646 prioratus
1133 563 1173 626 de
1205 562 1305 626 Novo

195 656 315 716 Frater
330 654 476 716 Thomas
491 651 611 735 Danby
1187 651 1302 733 Burgo

193 759 317 821 Frater
331 757 506 821 Joharmes
522 756 640 839 Layng
764 755 881 817 domus
929 754 1085 819 Fratrum
1133 756 1305 819 Minorum

193 846 316 908 Frater
331 845 496 907 Ricardus
512 843 614 906 Forte
731 761 746 924 i
764 842 865 904 Ebur.

192 949 315 1011 Frater
325 947 520 1011 Willelmus
531 947 694 1010 Nicolson
707 946 825 1008 domus
838 945 994 1010 Fratrum
1006 947 1188 1032 Augustis.
1202 945 1304 1008 Ebor.

104 1133 109 1144 ὁ
195 1054 316 1116 Frater
331 1051 505 1115 Johannes
522 1052 644 1135 Hogge
710 1051 894 1218 peanonioi
925 1050 965 1113 de
997 1050 1277 1115 Hextildeshame

194 1141 316 1203 Frater
332 1141 495 1203 Ricardus
510 1139 530 1202 J
534 1159 634 1202 aeson

264 1252 277 1307 t

194 1245 262 1307 Fra
280 1266 316 1305 er
331 1242 507 1327 Adulphus
523 1243 723 1325 Wilkynson
736 1242 855 1305 domus
870 1242 1025 1305 Fratrum
1044 1235 1303 1306 Praedicatorum

1201 1345 1303 1408 Ebor.

194 1455 317 1517 Frater
333 1453 436 1536 Hugo
453 1453 584 1516 Milner
648 1454 667 1620 }
682 1453 798 1514 domus
814 1452 971 1515 Fratrum
989 1451 1249 1515 Oarmelitarum
1264 1453 1304 1514 de

194 1542 314 1604 Frater
329 1540 350 1603 J
353 1542 502 1603 ohannes
516 1541 636 1603 Mason
682 1538 767 1601 Hull

192 1646 315 1708 Frater
329 1645 350 1708 J
353 1645 502 1708 ohannes
514 1643 667 1707 Dernton
684 1633 868 1706 monachus
884 1627 1080 1705 monasterii
1096 1644 1136 1705 de
1153 1643 1174 1706 J
1177 1643 1304 1705 orevall

194 1749 317 1812 Frater
364 1750 510 1811 Thomas
554 1748 753 1811 Bahehouse
797 1748 978 1809 eanonicus
1021 1747 1219 1811 monasterii
1263 1748 1304 1809 de

1091 1927 1095 1935 Ι
1128 1849 1304 1933 Oonyshed

191 1957 212 2020 J
215 1958 363 2019 ohannes
381 1955 558 2040 Calveriey
568 1954 610 2017 ad
625 1953 761 2017 titulum
778 1954 896 2016 domus
917 1953 1108 2017 monialium
1127 1955 1167 2017 de
1184 1954 1305 2019 Esholt

194 2061 388 2123 Willelmus
423 2061 603 2145 Eslington
634 2059 676 2122 ad
710 2058 846 2121 titulum
881 2060 998 2123 domus
1034 2059 1229 2122 monialium
1264 2061 1304 2122 de

1076 2164 1302 2227 Burneholme

194 2268 456 2353 Christopherus
469 2268 592 2331 Foster
608 2269 650 2330 ad
660 2268 795 2332 titulum
813 2268 984 2351 prioratus
996 2269 1036 2331 de
1051 2268 1303 2352 Haiotempriee

193 2375 338 2436 Thomas
355 2374 468 2436 Abbot
484 2373 525 2436 ad
542 2373 677 2436 titulum
694 2373 812 2436 domus
828 2371 1023 2435 monialium
1039 2373 1079 2436 de
1096 2372 1252 2458 Molseby

195 2477 388 2540 Wilielmus
405 2477 571 2560 Widdope
588 2479 628 2540 ad
647 2477 785 2540 titulum
802 2476 973 2559 prioratus
989 2477 1030 2540 de
1046 2476 1138 2540 Drax

194 2582 380 2644 Nieholaus
412 2583 598 2645 Barkeston
633 2583 674 2646 ad
709 2580 846 2645 titulum
877 2581 996 2644 domus
1019 2580 1227 2644 monialium
1262 2581 1302 2643 de

1074 2684 1302 2770 Kirkeleghes

195 2788 388 2851 Willeimus
404 2790 587 2874 vaynhurn
599 2791 641 2853 ad
654 2789 789 2853 titulum
804 2788 974 2871 prioratus
986 2789 1027 2851 de
1040 2789 1300 2853 Monkebretton

195 2893 216 2956 J
219 2895 368 2957 ohannes
384 2893 516 2979 Lynsey
533 2896 574 2958 ad
591 2894 727 2957 titulum
745 2894 915 2976 prioratus
931 2893 972 2956 de
988 2892 1231 2978 Helaghparhe

196 2998 364 3060 Rohertus
381 2998 492 3081 Tyson
510 2999 552 3062 ad
568 2999 705 3061 titulum
722 2999 841 3060 domus
857 2996 1054 3060 monialium
1071 2997 1111 3060 de
1129 2997 1283 3082 Moiseby

197 3102 359 3164 Ricardus
377 3101 487 3164 Baker
503 3104 545 3166 ad
562 3102 699 3165 titulum
717 3103 887 3186 prioratus
903 3103 942 3163 de
960 3100 1101 3164 Maiton.

196 3208 342 3268 Thomas
379 3208 598 3290 Brakynbury
634 3206 675 3269 ad
713 3207 849 3270 titulum
883 3206 1000 3268 domus
1034 3204 1230 3268 monialium
1263 3207 1301 3268 de

246 3316 249 3321 '
1132 3309 1300 3373 Basedaill

196 3414 360 3489 Ricardus
404 3416 547 3479 Lousou
594 3417 636 3479 ad
677 3415 814 3480 titulum
863 3415 981 3478 domus
1024 3414 1221 3478 monialium
1263 3416 1301 3477 de

476 3503 480 3509 ⁴
1093 3519 1299 3603 Arthington

197 3624 340 3684 Thomas
358 3622 525 3685 Marshall
542 3624 582 3685 ad
599 3622 737 3686 titulum
754 3623 872 3685 domus
889 3620 1080 3685 monialium
1098 3622 1139 3683 de
1156 3623 1280 3708 Keling

197 3727 216 3788 J
220 3728 369 3788 ohannes
387 3726 528 3810 Waiker
544 3727 584 3788 ad
602 3727 738 3790 titulum
755 3727 924 3809 prioratus
940 3725 980 3787 de
996 3724 1238 3810 Northferriby

195 3832 358 3893 Ricardus
377 3831 541 3892 Athinson
563 3831 605 3892 ad
622 3830 760 3893 titulum
782 3831 978 3893 monasterii
996 3828 1084 3892 Novi
1099 3829 1300 3894 Monasterii

552 3935 812 4017 (Newminster)
830 3933 986 3996 Dunelm.
1003 3931 1095 3995 Dioe.
1113 3954 1174 4017 per
1189 3935 1301 3998 literas

553 4039 761 4101 dimissorias

198 4141 343 4201 Thomas
361 4139 567 4222 Maympriee
584 4142 625 4204 ad
637 4142 774 4204 titulum
790 4142 908 4205 domus
919 4140 1116 4205 monialium
1132 4141 1173 4204 de
1185 4142 1300 4224 Swyna

198 4243 395 4326 Radulphus
411 4243 515 4305 Riehe
533 4245 575 4307 ad
591 4246 726 4308 titulum
743 4245 860 4308 domus
876 4244 1069 4309 monialium
1087 4246 1128 4308 de
1144 4245 1290 4308 Ellertou

88 4363 89 4366 ’
197 4345 1299 4414 RicardusCoverdailladtitulumdomusmonialiumdeEllerton
