2940 4996
525 403 725 467 Benedictio
744 401 957 466 cirismatis.

413 815 550 880 FERIA
574 816 616 882 V.
640 815 692 879 IN
717 815 856 880 OOENA
879 815 1061 882 DOMINI.

199 1020 357 1096 Conficitur
370 1019 523 1078 chrisma
509 1040 542 1078 en
556 1020 658 1078 ultimo
672 1020 712 1078 ad
725 1020 854 1092 misaam,
871 1028 1024 1099 antequam
1036 1021 1155 1080 dicatum
1168 1043 1221 1101 per
1235 1043 1316 1102 quem

158 1117 220 1176 lime
233 1116 342 1186 omnia,
359 1115 492 1186 Domine,
507 1135 621 1194 semper
636 1116 1086 1176 bonacreas.11evnntardnce
1100 1119 1238 1195 ampullae
1251 1129 1317 1195 pnes

159 1213 278 1287 ‹iffentnt
288 1209 402 1287 popul,
382 1210 394 1266 i
417 1217 443 1267 ct
457 1209 595 1268 benedicit
609 1217 669 1268 tarn
682 1210 762 1269 donni
750 1213 817 1269 inne
832 1209 920 1290 Papa
934 1231 1022 1288 qnam
1035 1231 1129 1270 omnes
1141 1214 1306 1291 preetynri.

200 1305 375 1364 Benedictio.

202 1402 338 1477 Emitte,
366 1400 516 1476 Domine,
541 1399 705 1484 Spiritum
733 1401 892 1466 Sanctum
920 1405 1016 1466 tuum
1043 1401 1251 1467 Paraclitum
1281 1403 1317 1466 de

156 1504 248 1569 ecelis
263 1504 298 1567 in
313 1505 401 1568 hanc
417 1503 654 1588 pinguedinem
672 1504 777 1582 olivae,
794 1505 952 1588 quamde
976 1505 1074 1568 viridi
1089 1504 1185 1590 ligno
1201 1507 1318 1589 produ·

157 1627 232 1671 cere
264 1605 422 1689 dignatus
453 1626 490 1668 es
521 1606 563 1670 ad
593 1606 812 1671 refectionem
843 1607 1002 1693 eorporis,
1034 1612 1074 1672 ut
1107 1612 1170 1673 tua
1204 1613 1316 1673 sancte

160 1709 389 1773 benedictione
403 1708 448 1773 sit
464 1709 553 1771 omni
566 1715 773 1794 unguentum
789 1711 943 1795 tangenti
954 1715 1182 1775 tutamentum
1198 1712 1317 1777 mentis

159 1817 194 1876 et
209 1811 368 1895 corporis,
386 1810 429 1874 ad
445 1811 657 1875 evacuandos
681 1833 798 1876 omnes
814 1812 958 1890 dolores,
975 1834 1159 1897 omnesque
1183 1814 1316 1877 infirmi·

158 1921 259 1992 tates,
276 1935 407 1978 omnem
424 1914 657 1997 aegritudinem
682 1916 844 2000 eorporis,
860 1918 949 1980 unde
964 1917 1092 1980 unxisti
1115 1917 1317 1992 sacerdotes,

158 2038 268 2102 reges,
302 2017 485 2101 prophetas
521 2022 556 2081 et
593 2024 771 2102 martyres,
806 2019 955 2083 chrisma
987 2025 1084 2083 tuum
1123 2020 1316 2102 perfectum,

161 2120 313 2196 Domine,
338 2141 358 2183 a
385 2124 418 2183 te
445 2119 668 2184 benedictum.
714 2121 753 2184 In
781 2121 914 2185 nomine
942 2119 1076 2185 Domini
1103 2121 1215 2184 nostri
1238 2121 1315 2186 Jesu

161 2224 298 2299 Christi,
315 2244 489 2308 perquem
507 2223 714 2299 haecomnia,
731 2223 883 2288 Domine.

200 2327 314 2405 Incipit
330 2326 500 2384 Benedictio
514 2326 678 2384 chrismatis
691 2327 877 2404 principalis.

206 2423 346 2487 Sursum
362 2421 474 2485 eorda.

208 2528 247 2591 n.
293 2527 468 2592 Habemus
485 2526 528 2589 ad
544 2524 734 2590 Dominum.

203 2629 339 2694 Gratias
356 2649 498 2713 agamus
513 2627 656 2692 Domino
673 2627 744 2692 Deo
761 2634 888 2692 nostro.

204 2734 246 2795 n.
291 2731 438 2815 Dignum
456 2735 490 2795 et
502 2731 634 2812 justum
651 2736 714 2795 est.

197 2835 287 2897 Vere
301 2833 449 2918 dignum.
496 2835 637 2896 AEterne
650 2821 765 2898 Deus(
799 2833 861 2918 Qui
873 2835 908 2896 in
924 2835 1090 2919 principio
1100 2835 1191 2900 inter
1204 2841 1312 2900 cetera

155 2938 318 3003 bonitatis
335 2943 369 3001 et
390 2937 527 3021 pietatis
546 2942 613 3000 tuae
634 2959 776 3002 munera
793 2943 918 3003 terram
935 2939 1119 3022 producere
1140 2939 1313 3004 fructifera

153 3043 246 3126 ligna
264 3040 412 3124 jussisti,
428 3040 519 3103 inter
543 3061 614 3121 quae
631 3039 732 3121 hujus
755 3041 969 3125 pinguissimi
985 3041 1130 3122 liquoris
1152 3042 1311 3106 ministre

156 3145 237 3209 oleae
261 3148 481 3207 nascerentur
496 3163 636 3225 quarum
654 3144 784 3208 fructus
801 3165 896 3208 sacro
920 3145 1095 3209 chrismati
1112 3144 1296 3209 deserviret
1303 3169 1312 3221 ;

154 3271 232 3314 nam
256 3252 290 3310 et
306 3245 414 3309 David
431 3246 627 3329 prophetico
645 3247 767 3330 spiritu
790 3249 907 3332 gratiae
924 3253 989 3312 tuae
1006 3253 1222 3313 sacramenta
1236 3269 1312 3332 pre-

153 3370 307 3423 noscens,
324 3347 439 3412 vultus
456 3353 592 3411 nostros
615 3348 649 3410 in
666 3348 740 3412 cleo
757 3349 996 3414 exhilarandos
1012 3369 1086 3413 esse
1103 3352 1266 3428 cantavit,
1281 3356 1313 3413 et

153 3474 228 3517 cum
242 3451 354 3513 mundi
368 3449 507 3512 crimina
519 3449 646 3514 diluvio
659 3453 825 3534 quondam
836 3453 1054 3537 expiarentur
1065 3454 1187 3529 effuso,
1200 3452 1312 3517 simili·

151 3556 301 3622 tudinem
318 3554 420 3617 divini
438 3554 586 3617 numeris
601 3555 706 3618 futuri
721 3555 875 3619 columba
887 3555 1132 3632 demonstrans,
1146 3578 1209 3640 per
1220 3557 1309 3621 olivae

154 3679 283 3723 ramum
307 3679 422 3741 pacem
445 3658 546 3721 terris
569 3658 734 3722 redditam
756 3659 935 3735 nuntiavit,
951 3659 1039 3742 quod
1064 3659 1099 3722 in
1123 3659 1311 3724 novissimis

155 3760 362 3842 temporibus
382 3760 571 3822 manifestis
587 3764 639 3823 est
663 3761 839 3824 effectibus
854 3759 1072 3836 declaratum,
1089 3783 1165 3824 cum
1189 3761 1310 3845 baptis·

155 3864 255 3926 matis
278 3862 375 3944 aquis
397 3861 543 3924 omnium
559 3863 733 3926 criminum
757 3864 937 3928 commissa
951 3864 1142 3929 delentibus
1166 3866 1236 3930 haec
1252 3865 1309 3930 olei

159 3965 271 4027 unctio
288 3962 403 4026 vultus
419 3969 555 4028 nostros
573 3963 741 4045 jucundos
758 3965 859 4029 efficit
874 3987 914 4030 ae
938 3987 1097 4043 serenos;
1120 3967 1203 4032 inde
1218 3968 1310 4032 etiam

158 4067 268 4148 Moysi
286 4066 410 4128 famulo
432 4072 489 4129 tuo
511 4067 704 4130 mandatum
727 4067 861 4145 dedisti,
878 4074 918 4134 ut
931 4071 1044 4132 Aaron
1061 4069 1205 4134 fratrem
1222 4089 1308 4135 suum

158 4168 249 4252 prius
266 4189 354 4250 aque
370 4167 486 4244 lotum,
499 4191 560 4253 per
577 4171 778 4234 infusionem
796 4173 898 4254 hujus
912 4172 1076 4257 unguenti
1093 4175 1308 4238 constitueret

160 4270 375 4333 sacerdotem.
422 4272 576 4335 Accessit
592 4274 632 4336 nd
656 4275 719 4336 hoe
735 4274 879 4358 amplior·
894 4275 1002 4337 honor
1023 4294 1098 4338 cum
1115 4276 1226 4340 Filius
1240 4281 1308 4340 tuus
