2940 4996
376 447 627 512 Reconciliatio
642 444 809 509 Ecclesia
823 444 877 509 vel
895 445 1093 509 Coesneterii.
1269 442 1312 506 93

155 657 1317 754 ffl—

201 807 251 871 Ut
268 807 402 871 eccle-si
417 845 431 858 -
447 830 500 872 am
521 808 621 871 istam
636 807 710 890 (oet
720 806 920 870 coemo-tari
931 843 945 855 ·
961 827 1016 868 um
1039 805 1142 890 istud)
1158 801 1320 867 reconoi-

157 939 549 1056 ἓ]
604 992 605 996 ψ

157 1084 182 1148 li
196 1122 210 1134 -
226 1107 248 1149 a
262 1122 275 1134 ·
292 1106 328 1148 re
357 1086 530 1172 digne-ris,
640 1111 643 1116 ·

159 1235 455 1348 ΞΞ]

203 1376 253 1439 Te
268 1397 436 1462 rogamus.

159 1522 1321 1584 mm

204 1668 254 1733 Ut
268 1669 403 1733 eccle-si
413 1708 426 1720 ·
439 1692 492 1734 am
514 1671 616 1735 istam
632 1672 706 1755 (oet
728 1670 924 1734 coeme-te-ri
940 1707 952 1719 ·
969 1691 1024 1733 um
1040 1670 1144 1755 istud)
1163 1672 1323 1734 re-conci-

158 1835 331 1930 .·;·-·
246 1921 260 1929 .

160 1958 186 2021 li
203 1997 216 2010 ·
233 1981 255 2022 a
270 1995 283 2008 -
299 1980 347 2037 re,
364 1962 539 2026 munda-re
555 1963 730 2049 digne-ris,

160 2093 455 2208 333

207 2234 256 2298 Te
271 2256 439 2322 rogamus.

160 2381 1325 2466 Μ

205 2528 255 2592 Ut
276 2529 410 2594 eccle-si
425 2568 439 2581 ·
455 2553 509 2596 am
532 2532 632 2596 istam
647 2533 720 2615 (vel
742 2537 907 2595 ooeme-te-
916 2531 971 2594 ri·
991 2552 1047 2594 um
1069 2532 1173 2618 istud)
1194 2555 1323 2599 recon-

161 2678 1212 2796 Q

162 2817 328 2896 ci·li·1‹a·
340 2843 387 2899 re,
409 2820 614 2899 mundaffire,
631 2829 665 2886 et
690 2815 963 2889 sanctifflfi-ea-re
984 2822 1158 2908 digne-ris.

204 2923 330 2983 Interim
339 2934 500 3004 prosternat
512 2947 540 2984 se
559 2926 712 3004 episeopus,
729 2933 754 2983 et
773 2933 897 2982 cantores
910 2935 1070 3002 percantent
1085 2928 1220 2987 litaniam
1237 2951 1323 3007 aeque

162 3019 197 3078 ia
203 3022 304 3097 finem.
347 3021 411 3094 Quo
418 3023 516 3098 finita,
531 3030 629 3098 surgat
642 3022 794 3099 episcopas,
808 3021 914 3079 ibidem
926 3021 1053 3098 deposita
1066 3025 1162 3098 mitro,
1177 3035 1202 3084 et
1215 3027 1302 3085 dicat.

210 3119 363 3180 Oremus.

207 3219 397 3283 Diaconos.
440 3219 631 3283 Fleetamus
648 3239 767 3304 genua.
812 3217 949 3283 Levate.

213 3320 319 3398 Deus,
349 3322 405 3406 qui
435 3322 564 3407 peceati
594 3322 720 3385 veteris
753 3321 981 3384 haereditatem
1010 3326 1162 3400 mortem,
1192 3324 1226 3387 in
1257 3347 1324 3409 qua

165 3425 378 3510 posteritatis
398 3446 505 3510 genus
521 3446 617 3488 omne
640 3429 858 3500 successerat,
876 3424 1003 3488 Christi
1023 3425 1101 3488 Filii
1123 3428 1173 3491 tui
1189 3429 1323 3494 Domini

166 3529 277 3592 nostri
292 3528 446 3613 passione
463 3527 605 3604 solvisti,
621 3528 708 3591 dona
723 3527 899 3610 propitius,
914 3533 951 3591 ut
974 3529 1160 3594 conformes
1176 3534 1324 3615 ejusdem

165 3632 258 3708 faeti,
290 3632 377 3696 siout
409 3631 588 3716 imaginem
622 3630 748 3693 terreni
781 3630 931 3713 parentis
964 3636 1091 3695 naturae
1124 3636 1325 3701 necessitate

167 3736 386 3822 portavimus,
402 3736 451 3798 ita
465 3734 643 3819 imaginem
668 3733 811 3796 coelestis
826 3733 943 3818 gratiae
968 3735 1229 3803 sanctificatione
1250 3762 1325 3823 por-

167 3850 279 3906 temus
309 3838 459 3922 ejusdem
486 3837 612 3901 Christi
642 3835 775 3901 Domini
805 3837 922 3912 nostri,
949 3837 1007 3920 qui
1036 3844 1145 3902 tecum
1176 3842 1260 3906 vivit
1289 3852 1324 3908 et

165 3950 298 4030 regnat.

206 4050 309 4108 Postea
323 4045 401 4104 dicat
414 4045 556 4122 episcopas
570 4051 619 4114 ter,
636 4043 686 4102 hoo
698 4043 788 4101 modo.

165 4167 1086 4284 Q

210 4321 260 4385 De
279 4359 290 4372 -
307 4341 358 4396 us,
375 4317 411 4380 in
426 4314 601 4400 adju-to-ri
617 4352 630 4363 ·
646 4335 702 4376 um
718 4333 770 4376 me
786 4350 799 4362 ·
816 4333 870 4375 um
888 4312 1032 4379 intende.
