2940 4996
197 399 259 462 104
453 404 672 468 Oousocrotio
689 403 816 469 ultoris
831 406 903 469 siue
918 403 1086 469 Ecclesia.

308 769 631 850 [CONSECRATIO
652 773 844 840 ALTAR-IS
867 773 972 837 SINE
994 771 1240 860 scomma]

235 1044 286 1102 Ad
298 1045 528 1103 consecrationem
542 1046 644 1104 altoris
654 1047 714 1105 siue
726 1047 847 1105 ecclesio.
889 1046 1035 1125 Inprimis
1043 1054 1240 1124 proepuraitur
1253 1045 1355 1104 ornnia

196 1161 257 1216 quoe
271 1140 310 1197 od
323 1141 552 1199 consecrationem
572 1143 673 1199 altoris
686 1150 751 1200 suut
769 1144 936 1216 necessaria,
951 1143 1078 1200 uidelicet
1096 1143 1149 1214 sui,
1164 1161 1250 1219 aquo,
1267 1141 1353 1214 ciuis,

195 1236 303 1307 uiuum,
327 1235 468 1312 hyssopus,
492 1235 603 1310 majora
625 1256 719 1311 praua
741 1236 859 1309 incensi,
881 1244 907 1294 ei
930 1237 1052 1314 quiaque
1074 1256 1166 1295 eruces
1187 1235 1221 1294 de
1244 1234 1355 1311 pracili

194 1328 413 1405 candeiofcctoe,
429 1330 519 1387 oleum
531 1339 668 1401 sanctum,
683 1339 708 1388 ct
721 1331 835 1389 crisma.

232 1424 291 1481 His
309 1425 431 1500 peractis
446 1424 581 1500 procedat
594 1425 736 1502 episcopus
756 1425 790 1482 iu
808 1425 882 1482 huuc
901 1424 1026 1483 modum.
1065 1423 1169 1482 Primo
1183 1429 1263 1480 rutra
1282 1442 1353 1480 cou-

192 1509 292 1575 cadom
312 1518 460 1590 induatur,
482 1520 596 1591 amictu,
611 1519 685 1590 aihu,
705 1520 785 1590 stola,
807 1527 833 1576 ct
846 1518 964 1595 fanone,
985 1538 1049 1576 cum
1068 1517 1195 1594 simplici
1214 1516 1305 1574 mitra
1326 1524 1354 1574 et

193 1613 290 1670 bacuio
308 1613 448 1688 pastoraii
456 1633 468 1683 ‚·
488 1621 513 1669 et
527 1613 596 1670 dum
615 1633 643 1671 se
655 1613 754 1671 induit
772 1613 915 1691 episcopus
933 1612 1012 1671 dicat
1019 1611 1145 1690 psalmos
1162 1618 1195 1668 ut
1206 1630 1297 1688 supra
1317 1610 1354 1668 iu

193 1707 379 1765 Dedicotiouc
394 1706 539 1764 Eociosioo.

236 1802 298 1865 Po.
343 1801 463 1865 Judica
484 1823 536 1864 me
563 1800 664 1866 Deus.
709 1803 768 1867 Ps.
813 1802 918 1886 Quam
940 1802 1073 1867 dilecta.
1117 1804 1175 1868 Ps.
1220 1800 1354 1866 Inclina

195 1903 347 1967 Domine.
391 1905 450 1968 Po.
496 1905 666 1968 Memento
696 1903 837 1969 Domine
867 1904 985 1968 David.
1030 1905 1088 1968 Ps.
1132 1905 1218 1969 Ecce
1249 1925 1353 1987 quam

195 2007 327 2070 bonum.
373 2027 447 2070 oum
462 2008 661 2088 antiphona.
706 2007 803 2082 Veni,
816 2006 967 2085 Domine,
979 2007 1117 2073 visitare
1130 2028 1193 2072 nos
1207 2007 1243 2070 in
1258 2027 1353 2091 pace,

196 2113 234 2183 ut
250 2108 399 2172 laetemur
414 2130 525 2173 coram
540 2115 574 2174 ie
590 2111 688 2174 corde
704 2110 863 2195 perfecto.

240 2212 345 2295 Kyrie
362 2211 499 2275 eleison.

240 2314 372 2380 Christe
388 2313 524 2377 eleison.

241 2417 345 2499 Kyrie
361 2415 498 2479 eleison.

240 2521 342 2585 Pater
357 2523 481 2584 noster.

240 2623 284 2685 Es
299 2644 340 2685 ne
355 2642 426 2685 nos.

240 2724 386 2789 Ostende
401 2724 507 2799 nobie,
523 2723 676 2798 Domine,
692 2722 952 2788 misericordiam
968 2729 1070 2800 tuam,

240 2829 286 2891 Et
303 2827 449 2892 salutare
465 2832 560 2890 tuum
576 2826 618 2890 da
633 2826 739 2890 nobis.

240 2934 325 2996 Esto
340 2932 447 3007 nobis,
462 2931 614 3007 Domine,
630 2932 734 2995 turris
749 2930 966 3009 fortitudinis,

240 3039 272 3100 A
286 3035 371 3099 facie
387 3034 520 3097 inimici.
588 3083 590 3086 Α

242 3138 320 3201 Non
335 3138 441 3212 nobis,
457 3135 609 3211 Domine,
624 3155 691 3198 non
707 3135 813 3212 nobis,

243 3240 307 3305 Sed
323 3239 447 3302 nomini
463 3243 522 3302 tuo
537 3238 580 3302 da
594 3237 746 3322 gloriam.

242 3344 361 3409 Salvos
376 3343 429 3406 fac
446 3361 560 3405 servos
576 3347 653 3404 tuos
668 3343 703 3403 ei
718 3339 857 3404 ancillas
872 3345 960 3418 tuae,

242 3448 334 3512 Deus
350 3465 453 3520 meus,
470 3447 644 3528 sperantes
659 3443 693 3504 in
709 3448 753 3507 te.

242 3551 394 3624 Domine,
410 3545 531 3610 exaudi
547 3545 731 3609 orationem
746 3565 865 3608 meam.

242 3654 289 3717 Et
305 3652 430 3716 clamor
445 3668 538 3711 meus
554 3647 597 3711 ad
612 3653 646 3711 te
663 3648 786 3712 veniat.

240 3754 402 3818 Dominus
417 3750 598 3814 vobiscum.

241 3857 287 3920 Ei
302 3877 376 3919 cum
392 3853 514 3938 spiritu
529 3858 598 3916 tuo.

241 3959 393 4022 Oremus.
660 4024 661 4027 Ἴ

242 4062 373 4126 Oratio.
418 4059 577 4122 Actiones
604 4063 748 4134 nostras,
776 4079 974 4141 quaesumus,
998 4058 1149 4138 Domine,
1173 4064 1355 4148 aspirando

196 4162 337 4248 praeveni
363 4164 398 4224 et
423 4160 609 4242 adjuvando
632 4159 842 4244 prosequere,
866 4167 901 4226 et
926 4163 1169 4227 interveniente
1192 4165 1295 4231 beata
1321 4175 1356 4231 et

195 4265 343 4351 gloriosa
367 4283 496 4347 semper
519 4263 646 4347 virgine
668 4261 731 4327 Dei
753 4263 914 4348 genitrice
938 4264 1048 4329 Maria
1070 4285 1144 4328 cum
1168 4272 1286 4334 saneto
1309 4269 1356 4334 N.
