2940 4996
167 409 227 477 176
483 408 998 494 Benedictioncelipiooopolca

370 810 752 894 [BliNEDIOTIONES
775 812 1103 901 EPIscoPALEsp

200 1018 239 1077 Ia
252 1017 359 1077 Natali
371 1018 459 1077 unius
472 1019 515 1077 vel
522 1018 719 1097 plurimorum
733 1019 932 1098 apostolorum.

203 1199 308 1276 Deus,
323 1199 380 1284 qui
397 1220 455 1265 vos
471 1199 505 1263 in
525 1198 722 1285 apostolicis
736 1199 857 1266 tribuit
872 1199 1057 1265 consistere
1079 1198 1318 1278 fundamentis,

159 1301 356 1367 benedicere
370 1323 432 1366 ros
453 1300 613 1388 dignetur
627 1302 719 1368 beati
741 1302 886 1389 apostoli
904 1303 956 1368 sui
971 1302 1017 1368 N.
1031 1302 1319 1370 intercedentibus

159 1406 300 1470 meritis.
344 1407 462 1472 Amen.

202 1509 437 1593 Defendatqne
460 1528 521 1572 vor
547 1528 569 1573 a
589 1508 720 1574 cunctis
746 1508 899 1574 adversis
924 1507 1120 1594 apostolicis
1140 1508 1318 1594 presidiis,

158 1613 215 1696 qui
240 1633 435 1678 voscorum
461 1611 569 1677 voluit
589 1611 702 1677 ornari
723 1617 759 1678 et
775 1612 946 1678 munerari
966 1611 1130 1699 exemplis
1153 1617 1190 1678 et
1212 1613 1315 1679 docu-

158 1715 292 1779 mentis.
337 1716 456 1780 Amen.

201 1817 273 1902 Quo
295 1839 357 1903 per
370 1820 446 1904 ejus
468 1817 742 1884 intercessionem
763 1816 972 1902 perveniatis
987 1816 1030 1882 ad
1052 1820 1185 1882 aetemae
1199 1819 1317 1903 patriae

157 1920 377 1986 hereditatem
399 1943 459 2009 per
474 1943 616 2010 quorum
631 1921 816 1987 doctrinam
836 1922 962 1987 tenetis
981 1921 1059 1987 fidei
1073 1920 1316 2008 integritatem.

159 2027 277 2088 Amen.

200 2127 294 2212 Quod
309 2125 393 2212 ipse.

197 2331 240 2391 Ia
252 2331 360 2391 Notati
371 2331 460 2390 arrico
473 2330 620 2411 martyria
660 2329 841 2394 Benedictio.

201 2531 299 2597 Beati
314 2529 473 2616 martyris
488 2528 540 2595 tui
554 2528 599 2595 N.
615 2529 856 2594 intercessione
871 2548 932 2594 ros
946 2527 1111 2595 Dominus
1125 2528 1315 2611 benedicat,

157 2640 192 2700 et
207 2636 250 2699 ab
265 2635 355 2699 omni
370 2633 460 2701 maio
475 2653 608 2717 semper
622 2632 790 2697 defendat.
833 2632 952 2697 Amen.

168 2806 171 2811 ,
200 2737 370 2802 Extendat
397 2737 432 2800 in
462 2757 522 2801 vos
552 2734 725 2800 dexteram
757 2755 823 2800 suae
853 2730 1114 2819 propitiationis,
1143 2735 1201 2818 qui
1235 2757 1313 2802 eum

158 2841 307 2926 suscepit
320 2861 381 2924 per
397 2838 561 2924 supplicia
575 2838 755 2924 passionis.
799 2841 919 2903 Amen.

200 2945 271 3030 Quo
287 2944 361 3027 ejus
383 2941 515 3007 incaelo
537 2940 733 3005 mereamini
754 2940 880 3006 babere
903 2939 1118 3015 consortium,
1134 2938 1233 3024 cujus
1254 2943 1313 3008 de·

157 3048 245 3113 votis
260 3045 429 3109 mentibus
444 3045 478 3108 in
494 3047 588 3110 terra
601 3041 782 3109 celebratis
795 3042 1014 3129 triumphum.
1057 3043 1177 3106 Amen.

199 3149 293 3235 Quod
308 3147 392 3232 ipse.

194 3337 234 3398 In
248 3334 358 3394 Natali
369 3333 561 3412 plurimorum
574 3341 743 3412 martyrum.
785 3331 962 3393 Benedictio.

198 3534 381 3601 Benedicat
403 3553 463 3598 vos
485 3533 582 3600 Deus
603 3534 779 3599 beatorum
804 3535 989 3617 martyrum
1013 3549 1148 3595 suorum
1171 3528 1215 3597 N.
1241 3533 1311 3597 suf·

154 3638 283 3724 fragiis,
299 3645 335 3703 et
349 3636 472 3701 liberet
486 3637 529 3701 ab
544 3635 807 3702 adversitatibus
822 3633 962 3700 cunctis.
1007 3636 1125 3698 Amen.

198 3740 413 3808 Commendet
443 3760 503 3804 vos
536 3761 651 3805 eorum
680 3738 877 3804 intercessio
910 3736 1068 3824 gloriosa,
1099 3754 1240 3821 quorum
1274 3735 1310 3801 in

155 3848 335 3928 conspectu
351 3843 425 3927 ejus
440 3846 494 3907 est
508 3862 599 3908 mors
613 3842 772 3928 pretiosa.

198 3946 247 4010 Ut
263 3945 351 4009 siout
365 3943 417 4007 illi
432 3965 493 4029 per
508 3945 642 4010 diversa
655 3950 898 4011 tormentorum
914 3962 1040 4031 genera
1053 3937 1198 4006 coelestis
1213 3940 1311 4027 regni

154 4052 233 4112 sunt
256 4046 368 4111 sortiti
392 4046 627 4124 hereditatem,
647 4047 696 4113 ita
717 4068 778 4114 vos
804 4045 998 4113 mereamini
1019 4042 1225 4111 consortium
1247 4065 1310 4129 per

152 4152 314 4215 bonorum
330 4169 467 4232 operum
484 4150 733 4217 exhibitionem.
779 4152 894 4216 Amen.

198 4250 289 4337 Quod
306 4251 389 4334 ipse.
