2940 4996
152 413 215 474 330
435 412 478 472 lu
495 412 722 475 Dedicatioae
740 410 904 476 Basilicus
918 432 1024 474 novoe.

156 616 309 681 sacrificii
325 616 504 679 ministerii
521 637 603 679 vasa
617 638 689 699 quae
705 617 739 678 in
760 622 820 680 tuo
835 616 969 679 nomine
985 616 1155 681 fabricata
1169 623 1252 682 sunt
1274 617 1314 682 ad

154 719 404 795 immolandum,
421 719 615 784 benedicere
631 726 692 783 tua
707 719 833 804 pietate
849 720 1010 806 digneris.
1055 721 1132 784 Per.

201 824 383 882 Conseorutio
397 823 563 900 corporalis.

198 920 352 994 Domine,
381 924 495 982 sancte
522 919 633 995 Pater,
660 918 872 1002 omnipotens
899 925 1022 984 aeterne
1053 920 1158 996 Deus,
1185 919 1312 983 miseri·

155 1023 300 1087 cordiam
324 1028 417 1086 tuam
440 1023 609 1106 supplices
637 1022 866 1105 deprecamur,
887 1028 926 1087 ut
950 1024 1038 1088 sicut
1064 1025 1107 1087 ab
1131 1023 1231 1087 initio
1258 1024 1315 1085 ho·

155 1126 300 1190 minibus
313 1124 411 1188 utilia
424 1130 458 1188 et
470 1125 663 1188 necessaria
677 1125 812 1201 creasti,
826 1126 1102 1208 quemadmodum
1115 1127 1317 1189 vestimenta

160 1226 365 1312 pontificalia
390 1226 621 1290 sacerdotibus
648 1248 687 1289 ac
716 1226 845 1291 Levitis
872 1232 1137 1312 ornamentaque
1162 1234 1198 1292 et
1220 1228 1316 1292 linte-

161 1332 273 1396 amina
294 1329 421 1393 famulo
437 1333 495 1391 tuo
519 1328 631 1412 Moysi
654 1328 700 1390 xl.
716 1329 835 1393 diebus
858 1325 1014 1405 docuisti,
1030 1352 1102 1413 quea
1127 1330 1192 1394 sibi
1208 1330 1319 1394 omnia

161 1435 264 1497 etiam
291 1433 404 1496 Maria
426 1430 537 1495 texuit
560 1439 594 1495 et
616 1431 698 1495 fecit
718 1432 753 1494 in
776 1454 875 1496 usum
901 1433 1085 1497 ministerii
1110 1431 1319 1497 tabernaculi

160 1537 210 1601 tui
232 1535 376 1610 foederiS,
393 1534 616 1610 sanctificare,
639 1533 792 1610 Domine,
808 1540 842 1598 et
862 1535 1060 1599 benedicere
1084 1534 1239 1619 digneris
1260 1535 1321 1599 hoc

161 1640 344 1703 linteamen
374 1638 409 1699 in
439 1657 537 1699 usum
565 1636 686 1700 altaris
713 1637 764 1701 tui
795 1638 836 1702 ad
863 1638 1045 1723 tegendum
1071 1636 1319 1722 velandumque

161 1765 281 1828 corpus
308 1749 343 1806 et
370 1742 569 1826 sanguinem
596 1740 675 1804 Filii
699 1743 748 1804 tui
774 1742 910 1807 Domini
936 1744 1045 1808 nostri
1070 1744 1155 1809 Jesu
1181 1744 1317 1811 Christi.

158 1835 238 1911 Per.

204 1951 290 2006 Alio.

205 2045 357 2119 Domine,
385 2050 501 2107 sancte
528 2045 641 2120 Pater,
665 2046 877 2130 omnipotens
905 2054 1029 2110 aeterne
1055 2045 1161 2122 Deus,
1189 2045 1316 2111 miseri-

163 2149 308 2214 cordiam
324 2153 416 2211 tuam
441 2147 610 2231 supplices
626 2147 856 2231 deprecamur,
872 2152 911 2212 ut
931 2149 994 2212 boc
1016 2148 1202 2212 linteamen
1220 2169 1318 2233 super

164 2254 272 2318 altare
299 2257 394 2315 tuum
420 2249 615 2333 impositum
643 2251 677 2312 in
709 2250 861 2335 spiritale
887 2251 1150 2315 consecrandum
1175 2252 1316 2316 officium

162 2355 318 2440 praesenti
344 2353 578 2417 benedictione
606 2353 807 2428 sanctifices,
831 2358 866 2417 et
889 2353 923 2415 in
950 2375 990 2417 eo
1018 2373 1078 2417 seu
1106 2374 1210 2437 super
1236 2354 1317 2417 illud

163 2458 364 2523 oblationem
380 2455 583 2520 famulorum
595 2459 731 2518 tuorum
745 2456 856 2520 studio
869 2456 1111 2539 purificationis
1127 2457 1317 2542 impositam

160 2562 357 2627 benedicere
384 2560 543 2644 digneris,
568 2565 603 2623 et
630 2559 776 2643 spiritali
799 2559 956 2642 placatus
982 2561 1121 2625 incenso
1147 2561 1317 2645 precantis

163 2664 297 2729 familiae
313 2669 377 2727 tuae
394 2668 569 2745 promptus
586 2663 763 2727 exauditor
779 2663 936 2726 exsistas.
981 2664 1056 2727 Per.

212 2767 431 2831 Consecratio
447 2765 577 2829 alteris
593 2775 626 2828 et
641 2764 761 2829 culicis
777 2776 809 2830 et
822 2776 958 2847 pateuoe
973 2777 1005 2831 et
1020 2766 1226 2848 corporalis.

208 2872 369 2956 Dignare,
385 2869 527 2932 Domine
543 2869 636 2932 Deus
659 2869 884 2953 omnipotens,
900 2892 961 2934 rex
977 2891 1094 2955 regum
1118 2874 1153 2935 et
1168 2871 1320 2935 domiuus

165 2975 419 3049 dominantium,
446 2973 603 3036 sacerdos
631 2972 789 3048 omnium,
815 2975 966 3057 pontifex
992 2974 1240 3052 universorum,
1266 2995 1324 3060 per

165 3103 263 3165 quem
279 3101 347 3142 una
370 3098 443 3141 cum
460 3077 560 3140 Patre
586 3077 777 3159 sanctoque
802 3076 930 3161 Spiritu
945 3077 1036 3140 facta
1052 3082 1133 3141 sunt
1155 3078 1322 3153 universa,

167 3186 299 3250 Christe
321 3182 343 3245 J
345 3202 416 3257 esu,
432 3179 641 3254 benedicere,
657 3199 854 3244 consecrare
876 3185 910 3244 et
931 3180 1144 3244 sanctificare
1160 3202 1245 3246 vasa
1258 3182 1324 3246 haec

167 3293 241 3351 cum
253 3285 386 3359 altario,
398 3282 662 3356 linteaminibus,
673 3282 861 3365 ceterisque
874 3283 966 3346 vasis
978 3306 986 3359 ;
1004 3290 1038 3346 et
1048 3284 1325 3367 quemadmodum

165 3388 383 3455 sanctificasti
415 3388 533 3450 officia
547 3386 761 3450 tabernaculi
792 3387 978 3451 testimonii
1009 3387 1101 3464 olim,
1129 3409 1206 3451 cum
1236 3410 1322 3464 arca,

168 3492 314 3567 oraculo,
330 3489 502 3565 cherubin,
519 3487 659 3566 ansulis,
679 3488 775 3563 velis,
792 3489 965 3567 columnis,
983 3488 1196 3567 candelabro,
1213 3490 1325 3556 altari·

165 3600 238 3672 bus,
255 3593 426 3679 argenteis
443 3593 591 3667 basibus,
608 3590 734 3655 tabulis
754 3592 939 3667 deauratis,
955 3592 1176 3670 holocaustis,
1193 3593 1323 3668 hostiis,

167 3722 205 3764 ao
234 3718 364 3761 sacrum
392 3694 501 3760 altare
529 3716 603 3758 cum
630 3694 729 3758 aeneis
754 3695 856 3771 vasis,
880 3695 1049 3771 tentoriis,
1075 3695 1226 3774 funibus,
1254 3696 1324 3761 oleo

168 3801 336 3866 unctionis
353 3805 386 3863 et
403 3798 525 3861 ceteris
538 3798 615 3860 aliis
631 3799 665 3860 in
677 3799 787 3883 figura
799 3799 907 3862 nostri
922 3819 982 3881 per
997 3818 1117 3862 manus
1133 3805 1323 3865 sanctorum

167 3903 386 3970 sanctificasti
400 3901 610 3965 sacerdotum
624 3924 632 3976 ;
656 3900 705 3964 ita
717 3921 804 3964 nunc
815 3921 955 3965 manens
965 3900 999 3963 in
1012 3905 1185 3979 oeternum,
1200 3920 1322 3966 summe

172 4008 328 4071 sacerdos
359 4005 569 4068 sacerdotum
605 4004 785 4067 secundum
819 4004 969 4067 ordinem
1001 4004 1263 4083 Melchisedech,
1292 4007 1325 4067 ut

169 4111 324 4184 diximus,
338 4114 494 4191 patenam
510 4108 597 4170 hanc
613 4112 648 4170 et
664 4107 802 4170 calicem
819 4107 908 4171 hunc
924 4111 959 4170 et
974 4106 1087 4170 omnia
1101 4107 1322 4172 instrumenta

169 4213 288 4278 altaris
303 4212 403 4294 hujus
427 4211 575 4274 ecclesiae
599 4231 658 4274 seu
674 4209 819 4274 basilica
840 4231 912 4294 quae
935 4210 1025 4273 inter
1046 4216 1185 4276 nostras
1201 4210 1322 4297 palmas

168 4317 345 4390 hahentur,
358 4314 456 4378 corde
473 4335 650 4398 precamur
666 4312 895 4390 beneffldioas,
913 4313 1078 4398 purifices,
1092 4316 1279 4392 consecres,
1294 4320 1323 4377 et
