2940 4996
198 408 270 470 218
581 417 801 478 Consecratio
818 417 933 498 Rapis.

202 615 260 698 qui
270 616 390 678 misisti
402 617 523 681 Filium
534 624 627 683 tuum
640 620 789 704 pretioso
806 620 969 704 sanguine
987 639 1046 683 suo
1062 639 1170 704 genus
1180 620 1364 682 humanum

202 718 377 795 redimere,
388 721 444 803 qui
455 722 603 785 conteris
614 721 703 787 bella
713 727 747 786 et
756 728 986 807 propugnator
996 742 1032 786 es
1048 722 1082 785 in
1092 727 1126 785 te
1143 721 1364 806 sperantium,

203 825 238 882 et
253 823 314 884 sub
338 823 433 904 cujus
449 825 589 888 arbitrio
613 826 759 888 omnium
774 846 954 910 regnorum
977 825 1169 888 continet-ur
1189 828 1365 906 potestas3

202 926 237 984 te
254 923 425 987 humiliter
447 926 674 1009 deprecamur,
690 934 728 991 ut
751 933 946 1011 praesent-em
969 926 1129 990 famulum
1152 932 1250 990 tuum
1272 925 1318 989 N.
1332 925 1366 986 in

203 1031 263 1088 tua
286 1027 514 1092 misericordia
537 1030 757 1093 confidentem
781 1031 814 1092 in
830 1030 988 1115 praesenti
1011 1030 1088 1092 sede
1110 1030 1218 1114 regali
1240 1030 1366 1109 bene&

203 1128 305 1205 dicas,
332 1132 428 1214 eique
459 1133 623 1216 propitius
653 1133 770 1197 adesse
801 1133 960 1219 digneris,
987 1137 1026 1196 ut
1055 1133 1112 1216 qui
1143 1138 1203 1197 tua
1234 1131 1365 1214 expetit

203 1235 408 1315 protectione
431 1235 573 1311 defendi,
596 1236 748 1298 omnibus
772 1237 816 1299 sit
838 1236 991 1299 hostibus
1012 1235 1141 1298 fortior.
1185 1235 1254 1298 Fac
1278 1254 1365 1308 eum,

205 1334 356 1411 Domine,
381 1338 515 1400 beatum
539 1359 612 1402 esse
636 1343 672 1402 et
697 1339 854 1402 victorem
878 1338 919 1401 de
941 1338 1083 1401 inimicis
1106 1338 1187 1402 suis.
1234 1336 1368 1400 Corona

205 1458 278 1502 eum
297 1460 419 1502 corona
431 1440 572 1522 justitiae
589 1444 623 1503 et
638 1440 785 1523 pietatis,
802 1448 841 1504 ut
857 1462 898 1503 ex
912 1444 984 1504 toto
1000 1440 1098 1503 corde
1114 1445 1150 1504 et
1164 1444 1239 1503 tota
1254 1442 1367 1501 mente

203 1541 238 1603 in
255 1547 289 1604 te
306 1543 444 1606 credens
460 1543 522 1606 tibi
538 1543 717 1619 deserviat,
735 1549 887 1608 sanctam
902 1549 994 1607 tuam
1016 1541 1192 1607 ecclesiam
1208 1541 1368 1605 defendat

204 1649 239 1706 et
269 1643 437 1721 sublimet,
468 1645 628 1728 populum
660 1646 724 1710 sibi
754 1647 965 1710 commissum
996 1645 1092 1728 juste
1121 1649 1229 1730 regat,
1262 1643 1367 1707 nullis

203 1744 441 1809 insidiantibus
462 1746 562 1810 malis
589 1769 664 1810 eum
687 1749 721 1810 in
746 1748 949 1832 injustitiam
972 1751 1156 1811 convertat.
1201 1746 1367 1821 Accende,

205 1847 355 1923 Domine,
378 1870 435 1912 cor
458 1850 533 1932 ejus
556 1851 598 1914 ad
621 1873 768 1914 amorem
791 1852 908 1936 gratiae
935 1856 1000 1915 tuae
1023 1871 1084 1935 per
1109 1850 1172 1913 hoc
1196 1849 1367 1913 unctionis

205 1949 326 2026 oleum,
341 1951 428 2014 unde
444 1953 570 2016 unxisti
588 1954 790 2028 sacerdotes,
805 1974 903 2038 reges
924 1958 958 2017 et
973 1953 1174 2038 prophetas;
1200 1957 1368 2034 quatenus

207 2058 352 2145 diligens
374 2061 555 2143 justitiam,
579 2083 639 2146 per
666 2063 836 2126 tramitem
863 2062 1019 2152 similiter
1040 2061 1181 2144 justitiae
1208 2060 1367 2145 populum

204 2165 339 2240 ducens,
370 2170 447 2250 post
476 2172 616 2250 peracta
650 2188 669 2229 a
699 2172 734 2230 te
764 2166 929 2251 disposita
961 2167 996 2229 in
1026 2163 1134 2250 regali
1166 2164 1366 2228 excellentia

208 2289 368 2331 annorum
399 2269 574 2346 curricula,
604 2271 777 2353 pervenire
808 2271 850 2334 ad
880 2275 1005 2334 aeterna
1030 2267 1155 2353 gaudia
1185 2271 1364 2332 mereatur.

206 2373 280 2435 Per.

244 2476 347 2533 Postea
368 2477 403 2533 ab
423 2477 560 2553 episcopis
580 2496 670 2533 casem
690 2475 826 2552 accipiat,
847 2483 873 2533 et
892 2496 957 2534 cum
980 2495 1041 2534 ense
1061 2481 1149 2531 totam
1168 2492 1290 2549 repaam
1310 2472 1364 2530 sibi

199 2569 328 2642 fideliter
341 2570 381 2626 od
394 2571 547 2645 rependam
561 2569 712 2626 secundum
724 2569 866 2646 praedicta
879 2571 963 2627 verba
977 2568 1050 2626 sciat
1064 2587 1118 2624 esse
1132 2567 1364 2639 commendatam,

206 2664 312 2719 dicente
326 2664 552 2740 metropolitano.

249 2758 370 2842 Accipe
387 2758 536 2843 gladium
552 2780 612 2844 per
627 2778 746 2822 manus
763 2758 993 2844 episcoporum
1015 2756 1097 2821 licet
1112 2755 1283 2841 indignas,
1298 2756 1366 2820 vice

203 2866 316 2924 tamen
334 2868 367 2924 et
383 2864 586 2926 auctoritate
604 2868 795 2927 sanctorum
818 2861 1046 2946 apostolorum
1063 2865 1289 2942 consecratas,
1304 2859 1364 2924 tibi

203 2964 366 3047 regaliter
393 2966 596 3048 impositum,
622 2971 810 3047 nostraeque
841 2963 1083 3028 benedictionis
1113 2956 1223 3026 officio
1252 2963 1287 3025 in
1313 2962 1365 3026 de·

204 3067 387 3129 sensionem
412 3074 534 3131 sanctae
558 3068 620 3132 Dei
648 3067 794 3130 ecclesiae
820 3066 981 3130 divinitus
1008 3065 1208 3140 ordinatum,
1233 3068 1269 3127 et
1295 3069 1365 3137 esto

204 3191 332 3231 memor
347 3170 386 3232 de
400 3191 464 3253 quo
480 3170 662 3235 Psalmista
673 3169 887 3254 prophetavit
902 3169 1034 3244 dicens3
1057 3167 1242 3252 Accingere
1254 3166 1364 3252 gladio

204 3278 262 3335 tuo
295 3292 395 3354 super
424 3273 534 3334 femur
563 3276 670 3348 tuum,
697 3271 942 3356 potentissime,
967 3275 1007 3334 ut
1036 3290 1097 3355 per
1127 3269 1269 3333 eundem
1299 3269 1364 3333 vim

202 3376 369 3458 aequitatis
397 3395 567 3450 exerceas,
589 3375 710 3438 molem
737 3374 926 3457 iniquitatis
954 3378 1110 3457 potenter
1136 3372 1305 3449 destruas,
1332 3377 1365 3435 et

205 3483 355 3542 sanctam
371 3476 434 3540 Dei
450 3476 624 3540 ecclesiam
644 3476 782 3559 ejusque
797 3475 915 3540 fideles
930 3475 1170 3561 propugnando
1186 3479 1364 3560 protegas3

204 3601 265 3643 nec
296 3579 405 3641 minus
431 3580 492 3642 sub
516 3579 581 3641 fide
611 3578 716 3642 falsos
743 3600 841 3662 quam
866 3578 1050 3644 Christiani
1077 3577 1221 3642 nominis
1249 3578 1363 3641 hostes

204 3683 387 3748 exsecreris
408 3705 446 3747 ac
463 3684 638 3758 destruas3
663 3682 781 3746 viduas
798 3688 833 3747 ct
848 3683 997 3768 pupillos
1020 3683 1204 3746 clementer
1226 3682 1364 3766 adjuves

203 3810 241 3852 ao
264 3787 442 3862 defendas3
467 3786 620 3851 desolata
641 3791 822 3862 restaures,
838 3791 1031 3851 restaurata
1053 3804 1252 3861 conserves3
1268 3784 1365 3848 ulcis·

203 3892 290 3955 caris
320 3891 456 3974 injusta,
488 3890 663 3954 confirmes
698 3891 782 3953 bene
812 3889 998 3974 disposita3
1033 3892 1199 3974 quatenus
1233 3888 1304 3952 haeo
1331 3887 1363 3950 in

204 3994 342 4079 agendo,
358 3994 522 4057 virtutum
538 3993 708 4077 triumpho
725 3993 894 4078 gloriosus
913 3991 1120 4076 justitiaeque
1144 3989 1257 4055 cultor
1272 4010 1363 4075 egre-

202 4097 289 4182 gius,
307 4117 381 4159 cum
397 4096 510 4159 mundi
528 4094 714 4171 Salvatore,
732 4095 826 4178 cujus
841 4100 956 4180 typum
973 4095 1064 4180 geris
1080 4095 1114 4157 in
1129 4091 1276 4170 nomine,
1293 4091 1361 4156 sine

202 4201 266 4263 fine
282 4198 443 4262 merearis
459 4220 611 4283 regnare.
658 4198 720 4282 Qui
737 4220 811 4261 cum
827 4199 939 4263 Patre.

249 4301 403 4358 accinctas
431 4308 525 4358 autem
552 4321 622 4371 ease,
648 4301 784 4359 similiter
810 4301 942 4358 armillas
969 4299 1103 4378 accipiat,
1127 4297 1237 4357 dicento
1263 4303 1358 4356 metro·

202 4395 339 4473 politurae.
