2940 4996
460 426 710 489 luturouiratio
727 427 999 508 Arcbiepiscopi.
1238 424 1300 488 381

157 598 358 663 lavationem
382 621 538 663 munuum
565 620 713 663 suorum.
759 600 888 664 Deinde
912 622 991 664 vero
1015 607 1096 666 tunc
1123 601 1307 665 ascendens

157 705 281 768 iterato
304 706 344 769 ad
369 706 526 767 thronum
551 726 657 782 suum,
674 705 938 769 communionem
961 727 1036 769 cum
1057 706 1110 769 Ite
1132 708 1304 768 miscerent

155 829 176 870 a
202 808 340 871 diacono
365 805 425 871 suo
452 809 608 873 videlicet
635 812 846 895 suffraganeo
878 815 1085 895 percantato,
1110 811 1305 875 solemniter

160 907 383 994 perimplebit.

199 1015 326 1098 Quibus
357 1015 405 1077 sic
431 1014 547 1099 gestis,
576 1016 735 1100 praefatus
761 1016 915 1080 dominus
941 1016 1224 1101 Archiepiscopus
1250 1016 1305 1080 de·

157 1118 319 1181 scendens
343 1139 364 1180 a
394 1118 512 1181 throno
541 1140 646 1203 usque
674 1119 848 1183 adultere
877 1119 1016 1204 pallium
1046 1141 1143 1183 suum
1172 1139 1303 1183 sacrum

155 1221 276 1284 ibidem
306 1221 464 1285 dimittet.
526 1221 570 1286 Et
600 1223 782 1307 procedens
816 1225 933 1287 exinde
965 1245 1072 1306 usque
1104 1223 1145 1286 ed
1180 1224 1303 1288 dictum
1378 1207 1381 1213 ’

155 1325 358 1389 vestibulum
369 1325 410 1388 ad
423 1327 609 1390 exuendum
624 1349 659 1391 se
673 1329 822 1391 vestibus
834 1329 904 1391 suis
916 1328 1071 1412 propriis,
1083 1327 1303 1412 Evangelium
1334 1402 1338 1410 q
1394 1388 1401 1401 ,

157 1429 265 1492 sancti
295 1428 460 1493 Johannis
491 1431 646 1494 videlicet
676 1433 720 1494 In
753 1434 929 1513 principio
960 1443 1035 1496 erat
1073 1433 1215 1494 Verbum
1247 1433 1303 1513 de.

156 1532 357 1596 ambulando
373 1533 534 1618 perleget.

85 1713 87 1718 Ι
200 1636 270 1719 Quo
301 1638 388 1702 fecto
419 1639 460 1702 ad
492 1639 654 1722 palatium
686 1660 783 1703 suum
818 1660 891 1702 cum
930 1641 1056 1703 honore
1089 1645 1183 1704 tento
1213 1640 1301 1723 petri

156 1739 266 1804 debito
282 1746 504 1805 convertetur.

686 2053 775 2139 ov.)

206 2279 310 2342 From
328 2281 380 2343 ebe
400 2280 549 2361 Chapter
565 2282 652 2343 Acte
669 2281 721 2343 let
737 2279 845 2360 April
861 2280 956 2342 1534.

205 2487 266 2551 Die
283 2489 442 2551 Mercurii
459 2489 608 2571 proximo
621 2492 698 2571 post
714 2486 920 2551 Dominicam
935 2488 968 2549 in
986 2486 1099 2551 Remis
1116 2487 1305 2551 Polmerum

158 2593 457 2655 reverendissimus
496 2594 528 2654 in
575 2591 708 2656 Christo
745 2599 842 2674 peter
880 2598 913 2655 et
951 2592 1115 2668 dominus,
1154 2592 1307 2654 dominus
1352 2592 1354 2597 ’

159 2695 343 2758 Edwardus
361 2696 471 2780 gratia
487 2694 549 2758 Dei
566 2696 666 2758 Ebor.
685 2697 974 2781 Archiepiscopus‚
987 2696 1116 2780 Angliae
1131 2697 1258 2780 primes
1274 2703 1309 2760 et

158 2800 356 2885 Apostolicae
374 2800 461 2864 sedis
479 2799 623 2884 legatus,
640 2800 783 2883 propriis
799 2800 937 2863 indutus
960 2802 1112 2863 vestibus
1136 2822 1156 2864 a
1172 2799 1306 2863 domino

159 2905 292 2968 Decano
316 2911 349 2967 et
365 2904 508 2966 diversis
532 2904 700 2967 canonicis
716 2904 875 2967 Ecclesiae
899 2904 1000 2967 Ebor.
1016 2905 1060 2967 ibi
1086 2905 1307 2987 praesentibus

158 3018 192 3073 et
223 3010 343 3072 ceteris
373 3008 532 3071 Ecclesiae
556 3009 655 3071 Ebur.
680 3007 844 3098 ministris
872 3010 965 3092 cepis
991 3008 1150 3090 pretiosis
1181 3008 1309 3071 indutis

158 3114 246 3176 infra
256 3119 385 3196 portam
395 3114 495 3195 juxta
505 3112 604 3173 finem
614 3110 771 3174 Ecclesiae
783 3111 882 3174 Ebor.
895 3111 1057 3195 praedictae
1070 3111 1306 3175 occidentalem
1349 3094 1353 3101 i

160 3225 238 3281 ante
256 3217 425 3279 meridiem
443 3216 592 3298 ejusdem
611 3216 677 3278 diei
694 3216 988 3298 processionaliter
1004 3222 1038 3279 et
1060 3216 1241 3278 honorifice
1257 3222 1311 3278 cst

159 3328 324 3404 receptus,
343 3343 430 3404 aque
445 3320 619 3383 benedicta
642 3341 799 3404 uspersus
823 3342 843 3384 s
857 3320 1000 3383 dominis
1016 3318 1152 3382 Decano
1168 3325 1203 3384 et
1218 3322 1307 3384 thes·

160 3427 294 3489 eurario
318 3425 465 3508 ejusdem
480 3423 648 3487 'Ecclesiae
670 3432 704 3487 et
719 3424 962 3487 residentiariis
977 3424 1012 3486 in
1029 3424 1120 3507 capis
1136 3425 1308 3488 existenti-

160 3529 223 3592 bus
235 3536 269 3591 et
281 3529 502 3602 thurificatus,
517 3529 572 3590 ubi
585 3528 626 3590 ud
641 3527 820 3591 scabellum
835 3550 894 3612 pro
907 3528 981 3610 ipso
994 3537 1032 3592 ut
1043 3529 1156 3592 decuit
1167 3529 1307 3593 honeste

162 3633 360 3707 ordinatum,
393 3631 513 3716 positis
547 3631 668 3694 ibidem
699 3631 829 3694 duobus
858 3633 1013 3695 crucibus
1043 3631 1158 3714 parvis
1188 3638 1223 3695 et
1252 3653 1312 3717 per
1391 3691 1394 3697 ,
1458 3637 1464 3645 ’

163 3738 301 3799 eundem
324 3736 501 3799 Dominum
524 3735 821 3819 Archiepiscopum
846 3735 1097 3819 genuflectendo
1119 3736 1201 3820 ipsis
1217 3756 1310 3798 osen·
1339 3812 1342 3818 .

161 3841 262 3916 letus,
285 3839 497 3924 processione
521 3839 655 3901 interim
681 3846 791 3902 stante
816 3839 850 3901 in
866 3839 1031 3902 cimiterio
1054 3841 1150 3923 quasi
1174 3841 1215 3903 ab
1238 3841 1312 3923 ipsu

110 3977 114 3981 ⁹
162 3944 439 4030 portapraedicta,
462 3964 579 4004 versus
602 3943 723 4005 ostium
749 3943 905 4007 Ecclesiae
921 3943 1187 4026 metropolitane
1211 3943 1309 4008 Ebor.
1344 3986 1349 3992 -

160 4049 321 4133 praedictae
332 4047 545 4110 occidentale.
576 4046 703 4110 Deinde
714 4047 944 4131 gradientibus
955 4047 1088 4113 Decano
1099 4057 1133 4111 et
1143 4048 1310 4112 canonicis

159 4158 194 4217 et
208 4151 374 4213 ministris
387 4151 542 4213 Ecclesiae
559 4151 720 4234 praedictae
738 4150 779 4216 nd
795 4150 979 4215 Ecclesiam
996 4151 1095 4214 Ebor.
1108 4151 1309 4235 predictam,

160 4264 194 4318 et
211 4256 342 4337 incepto
359 4258 412 4338 (ut
428 4255 514 4318 circa
526 4255 715 4336 hujusmodi
733 4277 753 4319 a
770 4260 963 4318 succentore
980 4255 1176 4318 vicariorum
1193 4256 1308 4320 chora-

157 4361 238 4423 lium
262 4360 410 4442 ejusdem
434 4358 589 4422 Ecclesiae
614 4360 726 4444 Ebor.)
750 4361 973 4444 Responsorio
996 4360 1152 4424 videlicet
1166 4360 1311 4422 Summo
