2940 4996
208 394 273 461 272
610 404 828 466 Gouaeorutio
844 403 960 487 Rapta.

207 602 335 684 pariter
351 602 515 688 eligimus,
531 606 799 671 benedictionum
814 613 947 672 tuarum
963 608 1051 671 dona
1065 603 1263 689 multiplica,
1278 601 1367 664 hune

207 705 346 770 dextera
375 715 440 772 tuae
473 711 631 793 potentiae
666 731 797 796 semper
830 712 952 795 ubique
986 709 1165 786 circumda,
1197 710 1366 791 quatenus

206 810 354 892 praedicti
383 811 526 876 Abrahae
560 813 722 878 fidelitate
754 815 917 890 firmatus,
948 813 1077 898 Moysis
1106 808 1365 875 mansuetudine

206 911 322 988 fretus,
334 912 355 976 J
358 934 445 978 osuae
461 915 657 979 fortitudine
673 917 833 993 munitus,
848 916 958 981 David
971 915 1165 980 humilitate
1182 911 1364 987 exaltatus,

208 1013 394 1079 Salomonis
418 1017 585 1101 sapientia
607 1018 794 1096 decoratus,
818 1020 880 1098 tibi
904 1019 940 1082 in
966 1019 1119 1083 omnibus
1145 1015 1362 1099 complaceat,

205 1123 239 1182 et
254 1139 313 1202 per
324 1121 493 1183 tramitem
505 1120 645 1202 justitiae
657 1122 819 1187 inoffenso
830 1144 949 1208 gressu
967 1143 1096 1206 semper
1107 1120 1252 1184 incedat.
1297 1119 1363 1182 Hie

206 1222 311 1285 totius
327 1224 422 1305 regni
444 1223 630 1308 Anglorum
652 1224 706 1289 vel
730 1224 898 1290 Saxonum
916 1225 1089 1289 ecclesiam
1112 1224 1273 1306 deinceps
1288 1243 1363 1285 oum

204 1325 358 1408 plebibus
370 1326 433 1389 sibi
448 1329 587 1391 annexis
603 1328 652 1392 ita
662 1329 810 1393 enutriat
825 1350 864 1393 ae
873 1330 1002 1405 doceat,
1012 1329 1142 1392 muniat
1158 1332 1193 1391 et
1202 1327 1362 1402 instruat,

205 1433 386 1512 contraque
403 1450 517 1493 omnes
537 1430 689 1495 visibiles
705 1436 741 1495 et
762 1431 949 1496 invisibiles
963 1432 1079 1496 hostes
1094 1430 1181 1493 idem
1205 1433 1365 1513 potenter

200 1533 424 1616 regaliterque
435 1538 498 1597 tuae
507 1534 643 1599 virtutis
654 1535 814 1620 regimine
826 1536 1091 1610 administret‚ut
1100 1534 1215 1619 regale
1227 1532 1361 1609 solium,

204 1636 550 1721 videlicetAnglorum
566 1638 620 1701 vel
631 1638 799 1701 Saxonum
813 1644 990 1723 sceptrum,
1004 1660 1068 1701 uon
1085 1638 1231 1714 deserat,
1246 1637 1305 1701 sed
1320 1638 1363 1702 ad
1425 1629 1429 1639 ’

206 1740 353 1823 pristinae
370 1740 444 1801 fidei
460 1739 615 1823 pacisque
632 1741 838 1805 concordiam
852 1762 966 1804 eorum
981 1741 1111 1805 animos
1126 1746 1160 1804 te
1177 1739 1366 1824 opitulante

205 1843 374 1917 reformet,
398 1847 437 1906 ut
461 1843 659 1926 populorum
687 1844 800 1907 debita
827 1844 1032 1926 subjectione
1058 1842 1177 1919 fultus,
1200 1842 1365 1928 condigno

205 1966 315 2009 amore
338 1945 555 2029 glorificatus,
571 1967 631 2028 per
653 1945 788 2031 longum
804 1947 881 2010 vitae
905 1947 1050 2031 spatium
1071 1951 1219 2030 paternae
1236 1967 1364 2030 ap1cem

205 2049 319 2133 gloriae
356 2055 416 2111 tua
452 2047 666 2111 miseratione
700 2049 850 2112 stabilire
885 2054 920 2113 et
955 2050 1144 2134 gubernare
1181 2054 1363 2112 mereatur.

205 2158 282 2219 Tuae
298 2173 428 2236 quoque
444 2153 661 2236 protectionis
677 2153 775 2238 galea
797 2153 958 2229 munitus,
974 2159 1009 2217 et
1024 2157 1118 2217 scuto
1141 2152 1364 2237 insuperabili
1444 2167 1447 2171 “

203 2258 332 2342 jugiter
354 2261 536 2340 protectus,
552 2256 720 2339 armisque
741 2255 932 2319 coelestibus
955 2256 1190 2331 circumdatus,
1206 2255 1367 2339 optabilis

207 2362 352 2426 victoriae
374 2360 577 2445 triumphum
594 2360 634 2423 de
650 2361 805 2425 hostibus
828 2359 974 2425 feliciter
994 2360 1116 2443 capiat,
1131 2367 1364 2445 terroremque

207 2487 273 2529 suae
296 2464 451 2549 potentiae
478 2463 670 2526 infidelibus
695 2463 829 2538 inferat,
853 2467 887 2527 et
912 2482 1027 2546 pacem
1054 2462 1117 2526 tibi
1139 2462 1365 2527 militantibus

204 2571 357 2634 laetanter
372 2571 533 2650 reportet.
576 2565 782 2640 Virtutibus,
799 2565 945 2641 Christe,
957 2565 1055 2641 hunc,
1068 2565 1190 2648 quibua
1204 2566 1365 2649 praefatos

206 2673 407 2735 fidelestuos
417 2667 780 2752 decorasti,multiplici
790 2667 1162 2731 honorisbenedictione
1173 2669 1365 2744 condecora,

207 2784 242 2839 et
257 2776 290 2836 in
306 2773 467 2857 regimine
482 2770 579 2857 regni
595 2769 781 2834 sublimiter
796 2769 931 2845 colloca,
944 2775 979 2833 et
994 2769 1068 2834 oleo
1083 2771 1201 2856 gratiae
1220 2771 1366 2856 Spiritus

208 2876 320 2940 Sancti
336 2896 494 2959 perunge.
539 2875 612 2938 Per.
659 2875 699 2936 ln
715 2874 844 2937 unitate
861 2874 1019 2956 ejusdem.

246 2979 279 3035 H
280 2981 304 3036 ic
318 2985 464 3053 eliquatur
477 2979 543 3048 olea,
559 2985 583 3034 ct
596 2977 653 3034 hoec
668 2984 795 3034 cantetur
808 2977 990 3053 Antiphone.

249 3076 427 3140 Unxerunt
445 3072 657 3136 Salomonem
675 3071 804 3136 Sadoeh
822 3071 979 3135 sacerdos
994 3076 1029 3135 et
1044 3070 1183 3135 Nathan
1199 3072 1366 3156 propheta

203 3200 315 3264 regem
339 3179 373 3240 in
397 3177 491 3252 Giou,
515 3180 549 3239 et
571 3176 769 3240 accedentes
792 3174 861 3239 laeti
884 3175 1062 3239 dixerunt:
1106 3174 1214 3239 Vivat
1239 3197 1302 3240 rex
1327 3177 1361 3240 in

208 3289 377 3346 aeternum.

248 3387 325 3443 Alio
342 3386 453 3444 Oratio.

250 3483 393 3556 Ohriste,
420 3499 569 3564 perunge
599 3479 688 3542 hunc
717 3499 834 3563 regem
863 3477 896 3540 in
927 3477 1089 3562 regimen,
1115 3477 1203 3541 unde
1234 3477 1361 3542 unxisti

205 3586 407 3659 sacerdotes,
430 3603 539 3667 reges,
563 3587 598 3645 et
619 3581 812 3665 prophetas,
836 3601 874 3645 ac
897 3584 1073 3664 martyres,
1095 3579 1151 3663 qui
1174 3600 1236 3663 per
1261 3579 1360 3644 fidem

208 3692 359 3754 vicerunt
378 3707 493 3771 regna,
518 3690 552 3749 et
575 3683 704 3768 operati
728 3687 808 3747 sunt
826 3682 1008 3765 justitiam,
1024 3687 1127 3765 atque
1148 3681 1264 3766 adepti
1286 3687 1365 3746 sunt

206 3789 492 3875 repromissiones.
537 3787 611 3850 Tua
637 3786 865 3850 sacratissima
890 3784 1004 3850 unctio
1031 3784 1132 3869 super
1162 3789 1265 3869 caput
1290 3785 1363 3868 ejus

207 3897 342 3971 defluat,
359 3900 460 3977 atque
483 3893 525 3956 ad
547 3891 710 3955 interiora
732 3891 922 3969 descendat,
943 3897 978 3956 et
1000 3891 1110 3956 cordis
1131 3890 1225 3955 illius
1247 3892 1367 3956 intima

208 4003 371 4083 penetret,
394 4003 428 4060 et
450 3995 730 4080 promissionibus
753 4015 836 4077 quas
859 3994 974 4078 adepti
996 3999 1076 4058 sunt
1097 3993 1365 4059 victoriosissimi

205 4123 302 4185 reges
324 4100 435 4186 gratia
461 4104 522 4162 tua
547 4098 668 4183 dignus
694 4098 867 4174 efficiatur,
890 4103 1057 4181 quatenus
1083 4097 1177 4163 etin
1205 4100 1362 4182 prasenti

206 4205 325 4268 saeculo
351 4203 496 4267 feliciter
522 4207 651 4286 regnet,
675 4206 710 4265 et
735 4201 778 4265 ad
804 4221 918 4265 eorum
945 4200 1150 4266 consortium
1177 4200 1211 4264 in
1239 4201 1362 4267 coelesti

205 4329 309 4392 regno
326 4307 508 4390 perveniat.
554 4305 628 4367 Per.
660 4346 664 4358 ·
