2940 4996
169 423 234 486 206
583 430 628 492 Ia
646 430 750 494 Ooeaa
765 431 917 495 Domini.

167 630 306 693 odorum
327 633 483 697 conficiat
504 633 667 711 balsama,
683 641 720 700 et
741 657 783 701 ea
804 636 880 700 oleo
903 637 1180 702 sanctificationis
1203 639 1329 719 beneffl

166 733 304 796 dicendo
319 736 510 819 profundat,
526 759 566 801 ac
582 740 757 822 utriusque
772 738 932 803 elementi
946 741 1195 818 commixtione,
1212 742 1329 808 saluti-

164 839 271 901 ferum
288 839 441 921 perficiat
455 841 603 904 chrisma
617 842 651 903 in
667 843 874 906 credentium
891 843 1122 908 salvationem.
1170 846 1325 926 Sancti&

164 943 236 1014 fica,
260 963 459 1025 quaesumus,
474 944 617 1008 Domine
637 944 740 1021 Deus,
756 947 842 1011 hanc
862 946 927 1011 olei
948 953 984 1012 et
1002 948 1145 1012 balsami
1165 952 1323 1016 confecti-

165 1066 274 1119 onem,
299 1044 448 1109 Deitatis
474 1055 539 1111 tuae
570 1048 867 1126 benedictionibus,
894 1071 959 1133 quo
990 1051 1152 1115 divinitus
1178 1050 1325 1115 chrisma

164 1148 285 1212 salutis
308 1151 474 1225 effectum,
491 1151 552 1213 tibi
573 1157 711 1215 renatos
726 1153 761 1216 in
784 1173 877 1235 spem
895 1153 1013 1230 vivam,
1030 1152 1117 1217 filios
1133 1153 1325 1236 adoptionis

163 1273 345 1336 exsurgere
360 1253 464 1318 faciat
478 1253 513 1315 in
529 1255 714 1318 novitatem
729 1254 875 1320 coelestis
894 1255 1171 1342 regenerationis.
1217 1257 1324 1321 Redo-

161 1355 231 1420 lcat
257 1359 329 1432 hoc,
355 1357 508 1433 Domine,
535 1358 780 1423 sanctificatum
807 1359 953 1424 chrisma
979 1360 1014 1422 in
1040 1359 1230 1424 divinitatis
1256 1365 1321 1424 tuae

162 1466 352 1543 conspectu,
369 1467 526 1524 nectareo
542 1460 699 1546 angelica
714 1461 898 1526 dulcedinis
920 1462 1166 1527 oblectamento
1180 1486 1188 1539 ;
1214 1463 1324 1546 sitque

162 1563 326 1627 medicina
349 1564 547 1648 spiritualis,
562 1565 730 1648 reparatio
748 1565 865 1628 anima
887 1570 923 1628 et
937 1565 1096 1649 corporis,
1112 1587 1152 1630 ac
1176 1565 1323 1650 Spiritus

163 1666 277 1730 Sancti
308 1666 464 1752 largiflua
494 1669 731 1732 charismatum
762 1668 941 1744 infusione,
967 1669 1121 1732 omnibus
1153 1669 1320 1746 salubris3

157 1773 332 1852 cunctique
345 1771 407 1833 hac
420 1791 515 1833 sacra
527 1770 682 1835 unctione
694 1769 835 1834 delibuti
847 1770 940 1855 digni
952 1776 1081 1834 aeternae
1092 1771 1316 1853 jocunditatis

159 1874 340 1958 participes
363 1873 567 1936 efficiantur:
590 1893 650 1956 per
665 1872 806 1936 eundem
830 1872 992 1957 Spiritum
1016 1872 1186 1953 Sanctum,
1203 1876 1261 1960 qui
1285 1876 1319 1939 in

159 1985 192 2041 te
209 1983 244 2040 et
258 1977 292 2039 in
310 1977 410 2040 Patre
426 1997 575 2051 manens,
592 1976 626 2039 in
648 1981 791 2059 utroque
807 1977 891 2041 vivit
905 1983 940 2040 et
962 1982 1092 2063 regnat,
1106 1977 1211 2042 Deus.
1256 1980 1322 2044 Per

159 2081 271 2144 omnia
287 2080 408 2143 saecula
424 2078 628 2142 saeculorum.

204 2184 423 2266 Omnipotens
439 2188 474 2246 et
489 2180 835 2265 incomprehensibilis
851 2181 943 2246 Deus
959 2182 1070 2260 Pater,
1082 2183 1139 2267 qui
1155 2183 1321 2270 Unigeni-

158 2293 228 2350 tum
245 2293 340 2350 tuum
358 2291 436 2349 ante
460 2284 577 2349 saeoula
592 2285 652 2348 tibi
677 2290 875 2348 coaeternum
890 2284 933 2348 ad
956 2293 1063 2350 terras
1079 2286 1270 2365 destinasti,
1287 2294 1321 2353 et

159 2389 399 2472 amplissimam
416 2408 476 2471 per
487 2388 597 2470 ipsum
612 2387 756 2471 gratiam
768 2386 891 2451 mundo
907 2386 1089 2466 contulisti,
1101 2409 1201 2472 quem
1217 2391 1319 2455 etiam

157 2493 230 2556 olco
247 2497 374 2566 sancto,
389 2491 462 2554 oleo
478 2489 596 2575 regali,
613 2490 688 2554 oleo
711 2490 913 2566 chrismatis,
930 2510 997 2574 pra
1020 2491 1232 2557 consortibus
1248 2495 1318 2559 suis

158 2596 291 2679 dignius
307 2594 505 2678 perunxisti,
521 2593 610 2657 utin
632 2593 807 2677 prophetis
829 2594 982 2657 omnibus
1004 2597 1039 2656 et
1060 2594 1198 2678 regibus
1214 2602 1317 2681 atque

158 2697 387 2762 sacerdotibus
397 2696 561 2759 neminem
572 2696 714 2759 haberet
725 2686 937 2779 co·aequalem
950 2717 958 2771 ;
983 2693 1041 2757 sed
1053 2695 1146 2759 solus
1159 2700 1318 2777 sanctior,

156 2803 247 2865 solus
273 2801 461 2886 perfectior,
490 2821 556 2883 prae
582 2799 663 2863 filiis
689 2800 860 2862 hominum
891 2798 1109 2874 subsisteret;
1140 2822 1254 2885 aquo
1281 2809 1317 2870 et

153 2904 230 2967 huic
258 2902 410 2966 materici
435 2924 555 2965 nomen
582 2901 745 2976 indixisti,
770 2901 848 2964 dum
874 2922 895 2964 a
921 2899 1055 2965 Ohristo
1081 2906 1141 2964 tuo
1167 2901 1314 2970 Domino

154 3012 268 3070 nostro
285 3005 429 3067 chrisma
445 3005 662 3080 consecrasti,
678 3009 712 3069 et
727 3003 920 3068 chrismatis
936 3004 1094 3068 unctione
1110 3025 1172 3067 nos
1189 3007 1318 3073 eoelesti

152 3113 223 3173 vita
234 3107 429 3193 participari
441 3108 588 3184 voluisti,
599 3129 659 3192 per
671 3106 811 3170 eundem
823 3105 844 3169 J
846 3127 938 3169 esum
952 3104 1122 3171 Christum
1134 3107 1315 3177 Dominum

154 3222 326 3288 nostrum;
350 3220 398 3287 tu,
421 3210 574 3286 Domine,
590 3211 691 3275 Pater
714 3209 935 3294 omnipotens,
960 3229 1060 3294 super
1081 3211 1144 3275 hoc
1166 3213 1315 3282 chrisma

155 3337 331 3401 supernam
349 3314 535 3378 divinitatis
553 3362 559 3377 .
578 3362 584 3377 .
603 3362 610 3376 .
