2940 4996
226 417 289 480 296
357 419 557 482 Benedictio
574 419 723 499 Lapidis
734 441 802 500 pro
818 420 1059 486 Fundamenta
1077 421 1256 494 Eccleeiae.

271 939 378 1010 From
396 939 449 1009 llic
468 940 660 1031 Pontifical
676 940 721 1030 of
731 940 951 1033 Arcltlrialeop
970 940 1136 1012 Cliicloclo.

224 1134 445 1185 BENEDIC'PIO
469 1135 615 1183 LAPIDIS
639 1136 708 1183 PRO
731 1137 981 1187 FUNDAMEN'I'O
997 1137 1171 1187 ualemus
1196 1139 1378 1188 EGCLESIAE

461 1239 507 1285 DE}
532 1239 628 1287 Novo
653 1241 921 1288 CONS'I'RUDNDAE
945 1240 1134 1290 ORDINATI.

264 1376 367 1436 Primo
382 1379 534 1455 episcopas,
546 1377 760 1454 pontificalibus
773 1379 900 1463 inclutus,
915 1379 1016 1438 stando
1024 1381 1111 1456 juata
1125 1380 1263 1459 lapidem,
1279 1367 1366 1442 (licat.

266 1474 477 1557 Adjutorium
495 1478 648 1535 nostrum
664 1473 698 1534 in
715 1474 847 1535 nominc
864 1474 1010 1538 Domini.

267 1578 318 1639 Sit
334 1597 453 1638 nomen
471 1575 605 1637 Domini
621 1575 845 1638 benedictum.

267 1678 348 1735 Tnmc
370 1686 503 1754 sequatur
524 1678 659 1733 anemoria
683 1676 744 1733 sine
771 1679 1039 1750 commemoratione,
1062 1679 1096 1737 ele
1126 1677 1230 1737 sancto
1254 1679 1378 1758 Spiritu,

224 1775 360 1831 videlicet.

267 1870 413 1954 Spiritus
429 1869 563 1932 Domini
579 1867 725 1951 replevit
740 1869 852 1931 orbem
869 1873 1037 1933 terrarum
1053 1873 1108 1936 &a

261 1973 374 2030 Deincle
388 1972 503 2028 <licetur
523 1971 660 2028 rireruoria
675 1971 708 2027 de
721 1979 816 2028 sancto
837 1972 879 2028 uel
892 1972 926 2028 cle
939 1974 1045 2031 sanctie
1058 1974 1091 2031 in
1111 1995 1232 2050 qaorum
1247 1977 1291 2034 cel
1304 1976 1379 2050 cujus

222 2067 457 2140 lionorefanclata
472 2075 510 2124 est
524 2066 646 2123 ecclesia.

261 2163 369 2233 Qneitue
383 2162 477 2230 (lictis,
495 2161 573 2217 (licat
588 2161 732 2235 episcopus
746 2161 886 2217 orationes
900 2170 1037 2237 sequentes
1053 2183 1115 2220 cam

263 2260 424 2322 Dominus
440 2257 609 2320 vobiscum
626 2267 658 2319 ct
674 2255 824 2319 Oramus.

265 2362 418 2436 Benedic,
436 2360 586 2434 Domine,
603 2363 791 2422 creaturam
808 2359 908 2422 iatam
926 2360 1059 2445 lapidis,
1075 2367 1112 2425 ut
1137 2363 1182 2426 sit
1197 2367 1378 2429 remedium

222 2466 370 2530 salutare
386 2465 502 2550 generi
518 2465 673 2538 humano,
691 2468 725 2525 et
748 2469 871 2546 praesta
894 2485 955 2547 per
969 2465 1212 2531 invocationem
1237 2471 1378 2534 nominis

218 2570 278 2645 tui,
303 2575 340 2633 ut
361 2569 547 2652 quicunque
569 2566 609 2629 ad
636 2566 722 2629 hana
746 2566 921 2630 ecclesiam
945 2567 1170 2633 aedificandam
1194 2577 1229 2634 et
1249 2573 1375 2657 perlici-

219 2674 338 2736 endam
366 2692 451 2755 pura
478 2675 590 2733 mente
615 2670 776 2732 auxilium
803 2670 942 2746 dederit,
968 2673 1118 2756 corporis
1142 2675 1324 2740 sanitatem
1347 2682 1379 2740 et

217 2774 333 2838 animia
350 2774 512 2836 medelam
530 2773 704 2856 percipiat.
751 2773 827 2834 Per.

265 2877 346 2933 Tunc
366 2877 508 2952 episcopus
528 2882 667 2951 perunyat
688 2875 782 2951 ipsum
807 2875 932 2951 lapidem
954 2896 1017 2933 cam
1035 2877 1139 2954 pollice
1158 2899 1209 2936 auo
1233 2880 1268 2937 in
1287 2881 1376 2939 mulio

219 2973 403 3049 quadratura
413 2992 466 3047 per
480 2971 545 3026 ruod
549 2992 593 3029 uin
610 2970 700 3026 crucis
714 2991 778 3026 cam
793 2971 952 3042 almisonum,
967 2972 1008 3028 sic
1021 2971 1149 3030 dicendo.

262 3069 467 3132 Consecrare
496 3071 531 3129 et
558 3065 780 3140 sanctificare,
807 3064 948 3129 Domine
975 3065 1079 3143 Deus,
1103 3067 1250 3151 lapidem
1280 3071 1377 3135 istum

217 3172 368 3257 digneris
385 3191 445 3253 per
459 3170 558 3233 istam
585 3174 734 3232 sanctam
751 3169 945 3233 chrismatis
968 3170 1161 3234 unctionem
1178 3177 1212 3237 et
1229 3181 1378 3238 nostram

218 3274 494 3346 benedictionem,
510 3273 543 3333 in
561 3272 688 3334 honore
706 3272 813 3335 sancti
830 3271 874 3336 N.
920 3273 959 3336 In
975 3273 1108 3338 nomine
1122 3275 1237 3341 Patrio
1253 3283 1288 3342 et
1304 3277 1378 3342 Filii

218 3385 253 3443 et
270 3379 415 3462 Spiritus
433 3376 558 3439 Sancti.
604 3377 721 3437 Amen.

262 3484 332 3546 fax
348 3482 420 3544 tibi.

260 3588 303 3648 R.
349 3585 395 3646 Et
410 3605 484 3646 cum
498 3582 620 3666 spiritu
637 3587 704 3644 tuo,

257 3690 305 3746 Ea
319 3696 384 3744 turno
398 3687 476 3742 dicat
491 3686 634 3761 episcopus
649 3685 722 3741 lraruc
736 3687 902 3744 orationem.

260 3785 307 3847 Te
331 3784 437 3846 Deum
465 3782 597 3843 Patrem
623 3780 882 3863 omnipotentem
908 3781 1106 3866 suppliciter
1128 3805 1317 3866 exoramus,
1338 3795 1375 3855 ut

215 3887 424 3960 benedicere,
464 3883 714 3969 sanctiqeficare
753 3889 787 3946 et
824 3891 1063 3970 consecffirare
1099 3886 1252 3972 digneris
1289 3893 1374 3958 hunc

214 3989 359 4071 lapidem
372 3989 405 4049 in
418 3987 544 4050 honore
556 3986 662 4048 sancti
673 3984 716 4048 N.
730 3991 765 4049 et
779 3987 886 4049 sancti
901 3986 1099 4064 Salvatoris,
1111 3990 1167 4072 qui
1179 3995 1372 4077 prophetice

216 4091 412 4175 angularem
430 4111 464 4152 ae
481 4088 589 4151 voluit
606 4087 717 4151 vocari
741 4087 900 4170 lapidem,
914 4088 936 4152 J
938 4109 1018 4152 esus
1041 4089 1200 4157 Christus
1216 4093 1376 4162 Dominus

215 4200 340 4268 noster,
357 4193 419 4276 Qui
442 4213 514 4255 cum
531 4191 602 4255 Deo
627 4192 727 4255 Patre
745 4197 779 4254 et
805 4192 933 4274 Spiritu
952 4190 1074 4256 Sancto
1097 4194 1183 4260 vivit
1198 4204 1233 4262 et
1255 4207 1372 4288 regnat

215 4298 318 4373 Deus,
335 4299 399 4360 Per
415 4295 526 4360 omnia
543 4296 663 4360 saecula
679 4296 883 4360 saeculorum.
930 4296 1047 4361 Amen.
