2940 4996
219 407 287 470 224
619 412 818 475 Benedictio
834 412 985 495 Repinoe.

264 616 464 680 Benedictio
480 637 612 680 coronae
627 616 719 680 Deus
734 622 866 681 tuorum
882 636 1012 695 corona,
1029 627 1062 683 et
1077 628 1201 695 cetero,
1217 629 1257 685 nt
1271 641 1377 702 snpra

220 721 257 780 in
276 721 504 783 Coronatione
521 721 635 802 Regis.

259 822 343 892 Item,
359 824 393 880 in
413 823 506 881 eodeni
527 824 627 880 ordine
647 823 687 880 od
706 844 812 881 coronoe
831 823 1050 901 impositionem,
1061 832 1215 902 postquam
1237 826 1376 885 benedicto

212 917 314 994 fuerit,
331 919 519 977 coronabitur.

262 1015 383 1098 Accipe
400 1035 554 1077 coronam
577 1013 701 1098 gloriae,
717 1014 875 1078 honorem
894 1015 1125 1097 jocunditatis,
1141 1020 1180 1080 ut
1205 1014 1377 1100 splendida

216 1117 348 1202 fulgeas
364 1121 399 1180 et
414 1122 537 1181 aeterna
553 1116 777 1180 exsultatione
794 1118 972 1182 coroneris.

256 1222 356 1284 Alie.
418 1220 531 1283 Officio
561 1219 774 1304 indignitatis
804 1241 884 1284 meae
914 1221 949 1283 in
979 1220 1129 1304 reginam
1161 1219 1372 1284 sollemniter

215 1325 399 1400 benedicta,
423 1324 535 1407 accipe
558 1344 715 1386 coronam
738 1323 862 1408 regalis
890 1324 1095 1388 excellentiae
1123 1346 1194 1407 quae
1223 1325 1308 1389 licet
1334 1326 1373 1388 ab

216 1429 372 1513 indignis,
390 1426 636 1513 episcopalibus
651 1431 764 1490 tamen
787 1427 952 1502 manibus,
969 1428 1071 1511 capiti
1088 1433 1146 1491 tuo
1170 1427 1373 1511 imponitur;

214 1532 301 1596 unde
326 1531 412 1596 sicut
436 1530 585 1595 exterius
608 1550 690 1592 auro
713 1534 748 1592 et
770 1530 912 1613 gemmis
934 1530 1090 1594 redimita
1111 1530 1251 1607 emines,
1269 1531 1320 1594 ita
1341 1537 1374 1594 et

215 1635 356 1699 interius
382 1655 463 1697 auro
490 1631 661 1715 sapientise
692 1632 920 1714 virtutumque
947 1633 1087 1716 gemmis
1118 1632 1271 1697 decorari
1300 1656 1373 1698 con-

215 1739 343 1812 tendas,
360 1741 526 1820 quatenus
541 1740 618 1821 post
641 1756 793 1799 occasum
810 1735 911 1816 hujus
928 1734 1038 1799 saeculi
1061 1757 1136 1799 cum
1152 1737 1373 1821 prudentibus

216 1841 400 1925 virginibus
416 1860 538 1922 sponso
561 1837 697 1922 perenni
719 1836 860 1900 Domino
883 1842 998 1901 nostro
1014 1837 1097 1901 Jesu
1121 1838 1258 1903 Christo
1275 1839 1372 1924 digne

213 1951 248 2010 et
281 1943 495 2007 laudabiliter
528 1961 717 2016 occurrens,
751 1939 877 2024 regiam
912 1939 1057 2004 coelestis
1091 1939 1175 2004 aulae
1209 1941 1371 2006 merearis

213 2048 344 2132 ingredi
364 2047 511 2129 januam,
535 2045 719 2108 auxiliante
743 2042 885 2105 Domino
908 2047 1023 2106 nostro
1045 2042 1128 2107 Jesu
1152 2043 1300 2121 Christo,
1317 2045 1372 2128 qui

213 2175 286 2217 cum
302 2152 373 2215 Deo
400 2151 500 2213 Patre
517 2155 552 2212 et
576 2149 702 2232 Spiritu
727 2147 848 2210 Sancto
864 2145 948 2209 vivit
969 2153 1003 2210 et
1022 2151 1144 2231 regnat
1157 2168 1219 2230 per
1241 2149 1372 2213 infinita

214 2253 334 2316 saecula
351 2252 556 2316 saeculorum.
601 2252 719 2314 Arnen.

259 2358 390 2421 Oratio.
437 2355 601 2425 Omnium,
628 2352 780 2427 Domine,
810 2351 886 2414 fons
917 2352 1078 2414 bonorum
1109 2356 1144 2415 et
1175 2359 1369 2418 cunctorum

211 2461 309 2524 dator
324 2459 544 2544 profectuum,
559 2457 669 2521 tribue
685 2454 817 2519 famulae
833 2462 896 2516 suae
919 2454 962 2517 N.
979 2454 1134 2538 adeptam
1150 2455 1236 2519 bene
1253 2477 1369 2541 gerere

211 2565 418 2649 dignitatern,
436 2567 554 2626 etate
572 2561 634 2625 sibi
656 2559 841 2644 praestitam
861 2557 958 2623 bonis
980 2557 1137 2644 operibus
1152 2561 1369 2626 corroborare

211 2668 362 2753 gloriam.
408 2667 472 2730 Per
488 2664 676 2728 Dominum.
