<?xml version="1.0" encoding="UTF-8"?>
<!DOCTYPE html PUBLIC "-//W3C//DTD XHTML 1.0 Transitional//EN"
    "http://www.w3.org/TR/xhtml1/DTD/xhtml1-transitional.dtd">
<html xmlns="http://www.w3.org/1999/xhtml" xml:lang="en" lang="en">
 <head>
  <title>
</title>
<meta http-equiv="Content-Type" content="text/html;charset=utf-8" />
  <meta name='ocr-system' content='tesseract 3.04.00' />
  <meta name='ocr-capabilities' content='ocr_page ocr_carea ocr_par ocr_line ocrx_word'/>
</head>
<body>
  <div class='ocr_page' id='page_1' title='image "./liberpontifical01baingoog_0360.png"; bbox 0 0 2940 4996; ppageno 0'>
   <div class='ocr_carea' id='block_1_1' title="bbox 532 420 936 484">
    <p class='ocr_par' dir='ltr' id='par_1_1' title="bbox 532 420 936 484">
     <span class='ocr_line' id='line_1_1' title="bbox 532 420 936 484; baseline -0.002 -2"><span class='ocrx_word' id='word_1_1' title='bbox 532 420 788 484; x_wconf 82' lang='lat' dir='ltr'>Benedictiones</span> <span class='ocrx_word' id='word_1_2' title='bbox 811 421 936 483; x_wconf 83' lang='lat' dir='ltr'>Varioe.</span> 
     </span>
    </p>
   </div>
   <div class='ocr_carea' id='block_1_2' title="bbox 228 695 1241 947">
    <p class='ocr_par' dir='ltr' id='par_1_2' title="bbox 228 695 1241 947">
     <span class='ocr_line' id='line_1_2' title="bbox 707 695 752 766; baseline 0.2 -11"><span class='ocrx_word' id='word_1_3' title='bbox 707 695 752 766; x_wconf 84' lang='grc' dir='ltr'>ΙΙ.</span> 
     </span>
     <span class='ocr_line' id='line_1_3' title="bbox 228 875 1241 947; baseline 0.004 -7"><span class='ocrx_word' id='word_1_4' title='bbox 228 875 503 946; x_wconf 82' lang='lat' dir='ltr'><strong>BENEDIOTIO</strong></span> <span class='ocrx_word' id='word_1_5' title='bbox 528 880 758 946; x_wconf 85' lang='lat' dir='ltr'>AMPULLAE</span> <span class='ocrx_word' id='word_1_6' title='bbox 782 879 885 944; x_wconf 81' lang='lat' dir='ltr'>SIVE</span> <span class='ocrx_word' id='word_1_7' title='bbox 906 880 1241 947; x_wconf 84' lang='lat' dir='ltr'><strong>AMPULLARUM.</strong></span> 
     </span>
    </p>
   </div>
   <div class='ocr_carea' id='block_1_3' title="bbox 156 1048 1316 2465">
    <p class='ocr_par' dir='ltr' id='par_1_3' title="bbox 156 1048 1316 2465">
     <span class='ocr_line' id='line_1_4' title="bbox 202 1048 1313 1139; baseline 0.006 -28"><span class='ocrx_word' id='word_1_8' title='bbox 202 1048 341 1114; x_wconf 82' lang='lat' dir='ltr'>Domine</span> <span class='ocrx_word' id='word_1_9' title='bbox 365 1052 457 1116; x_wconf 88' lang='lat' dir='ltr'>Deus</span> <span class='ocrx_word' id='word_1_10' title='bbox 484 1053 703 1138; x_wconf 88' lang='lat' dir='ltr'>omnipotens,</span> <span class='ocrx_word' id='word_1_11' title='bbox 727 1053 873 1117; x_wconf 90' lang='lat' dir='ltr'>omnium</span> <span class='ocrx_word' id='word_1_12' title='bbox 899 1052 1169 1118; x_wconf 76' lang='lat' dir='ltr'>benedictionum</span> <span class='ocrx_word' id='word_1_13' title='bbox 1197 1053 1313 1139; x_wconf 85' lang='lat' dir='ltr'>largus</span> 
     </span>
     <span class='ocr_line' id='line_1_5' title="bbox 159 1148 1313 1239; baseline 0.007 -29"><span class='ocrx_word' id='word_1_14' title='bbox 159 1148 297 1228; x_wconf 77' lang='lat' dir='ltr'>infusor,</span> <span class='ocrx_word' id='word_1_15' title='bbox 321 1175 342 1217; x_wconf 87' lang='lat' dir='ltr'>a</span> <span class='ocrx_word' id='word_1_16' title='bbox 371 1176 435 1238; x_wconf 91' lang='lat' dir='ltr'>quo</span> <span class='ocrx_word' id='word_1_17' title='bbox 460 1161 495 1220; x_wconf 90' lang='lat' dir='ltr'>et</span> <span class='ocrx_word' id='word_1_18' title='bbox 521 1154 629 1219; x_wconf 89' lang='lat' dir='ltr'>omnis</span> <span class='ocrx_word' id='word_1_19' title='bbox 655 1155 841 1219; x_wconf 76' lang='lat' dir='ltr'>benedictio</span> <span class='ocrx_word' id='word_1_20' title='bbox 863 1155 1031 1239; x_wconf 86' lang='lat' dir='ltr'>procedit3</span> <span class='ocrx_word' id='word_1_21' title='bbox 1054 1161 1088 1218; x_wconf 89' lang='lat' dir='ltr'>te</span> <span class='ocrx_word' id='word_1_22' title='bbox 1115 1175 1313 1238; x_wconf 84' lang='lat' dir='ltr'>quaesumus,</span> 
     </span>
     <span class='ocr_line' id='line_1_6' title="bbox 158 1252 1315 1343; baseline 0.005 -29"><span class='ocrx_word' id='word_1_23' title='bbox 158 1252 310 1338; x_wconf 87' lang='lat' dir='ltr'>largiflue</span> <span class='ocrx_word' id='word_1_24' title='bbox 340 1258 530 1336; x_wconf 72' lang='lat' dir='ltr'>miserator,</span> <span class='ocrx_word' id='word_1_25' title='bbox 558 1264 596 1323; x_wconf 89' lang='lat' dir='ltr'>ut</span> <span class='ocrx_word' id='word_1_26' title='bbox 621 1279 723 1343; x_wconf 88' lang='lat' dir='ltr'>super</span> <span class='ocrx_word' id='word_1_27' title='bbox 752 1258 815 1322; x_wconf 89' lang='lat' dir='ltr'>hoc</span> <span class='ocrx_word' id='word_1_28' title='bbox 843 1256 1016 1322; x_wconf 87' lang='lat' dir='ltr'>vasculum</span> <span class='ocrx_word' id='word_1_29' title='bbox 1046 1258 1315 1323; x_wconf 85' lang='lat' dir='ltr'>benedictionum</span> 
     </span>
     <span class='ocr_line' id='line_1_7' title="bbox 158 1358 1316 1445; baseline 0.003 -27"><span class='ocrx_word' id='word_1_30' title='bbox 158 1361 292 1420; x_wconf 89' lang='lat' dir='ltr'>tuarum</span> <span class='ocrx_word' id='word_1_31' title='bbox 309 1358 605 1425; x_wconf 82' lang='lat' dir='ltr'>sanctificationem</span> <span class='ocrx_word' id='word_1_32' title='bbox 621 1360 792 1436; x_wconf 86' lang='lat' dir='ltr'>infundas,</span> <span class='ocrx_word' id='word_1_33' title='bbox 806 1360 840 1423; x_wconf 91' lang='lat' dir='ltr'>in</span> <span class='ocrx_word' id='word_1_34' title='bbox 857 1381 922 1445; x_wconf 92' lang='lat' dir='ltr'>quo</span> <span class='ocrx_word' id='word_1_35' title='bbox 938 1360 981 1424; x_wconf 85' lang='lat' dir='ltr'>ad</span> <span class='ocrx_word' id='word_1_36' title='bbox 996 1360 1196 1424; x_wconf 87' lang='lat' dir='ltr'>recreandos</span> <span class='ocrx_word' id='word_1_37' title='bbox 1211 1380 1316 1423; x_wconf 86' lang='lat' dir='ltr'>novos</span> 
     </span>
     <span class='ocr_line' id='line_1_8' title="bbox 159 1461 1315 1546; baseline 0.002 -25"><span class='ocrx_word' id='word_1_38' title='bbox 159 1466 281 1523; x_wconf 86' lang='lat' dir='ltr'>sanctae</span> <span class='ocrx_word' id='word_1_39' title='bbox 305 1461 452 1525; x_wconf 84' lang='lat' dir='ltr'>ecclcsiae</span> <span class='ocrx_word' id='word_1_40' title='bbox 473 1469 538 1526; x_wconf 86' lang='lat' dir='ltr'>tuae</span> <span class='ocrx_word' id='word_1_41' title='bbox 553 1461 642 1526; x_wconf 88' lang='lat' dir='ltr'>filios</span> <span class='ocrx_word' id='word_1_42' title='bbox 666 1463 847 1526; x_wconf 82' lang='lat' dir='ltr'>exorcizati</span> <span class='ocrx_word' id='word_1_43' title='bbox 863 1462 929 1527; x_wconf 90' lang='lat' dir='ltr'>olei</span> <span class='ocrx_word' id='word_1_44' title='bbox 952 1461 1115 1546; x_wconf 90' lang='lat' dir='ltr'>liquorem</span> <span class='ocrx_word' id='word_1_45' title='bbox 1131 1469 1191 1526; x_wconf 84' lang='lat' dir='ltr'>tua</span> <span class='ocrx_word' id='word_1_46' title='bbox 1206 1462 1315 1546; x_wconf 83' lang='lat' dir='ltr'>opitu·</span> 
     </span>
     <span class='ocr_line' id='line_1_9' title="bbox 158 1559 1315 1648; baseline 0.004 -26"><span class='ocrx_word' id='word_1_47' title='bbox 158 1559 250 1625; x_wconf 88' lang='lat' dir='ltr'>lante</span> <span class='ocrx_word' id='word_1_48' title='bbox 265 1563 378 1647; x_wconf 84' lang='lat' dir='ltr'>gratia</span> <span class='ocrx_word' id='word_1_49' title='bbox 399 1564 573 1627; x_wconf 90' lang='lat' dir='ltr'>infundere</span> <span class='ocrx_word' id='word_1_50' title='bbox 597 1564 827 1647; x_wconf 82' lang='lat' dir='ltr'>disponimus3</span> <span class='ocrx_word' id='word_1_51' title='bbox 852 1570 887 1629; x_wconf 90' lang='lat' dir='ltr'>et</span> <span class='ocrx_word' id='word_1_52' title='bbox 909 1570 1040 1648; x_wconf 84' lang='lat' dir='ltr'>praesta,</span> <span class='ocrx_word' id='word_1_53' title='bbox 1056 1565 1315 1629; x_wconf 88' lang='lat' dir='ltr'>clementissime</span> 
     </span>
     <span class='ocr_line' id='line_1_10' title="bbox 158 1663 1314 1751; baseline 0.003 -26"><span class='ocrx_word' id='word_1_54' title='bbox 158 1663 269 1739; x_wconf 87' lang='lat' dir='ltr'>Pater,</span> <span class='ocrx_word' id='word_1_55' title='bbox 304 1685 362 1748; x_wconf 87' lang='lat' dir='ltr'>per</span> <span class='ocrx_word' id='word_1_56' title='bbox 399 1665 617 1751; x_wconf 85' lang='lat' dir='ltr'>Unigenitum</span> <span class='ocrx_word' id='word_1_57' title='bbox 656 1673 751 1731; x_wconf 85' lang='lat' dir='ltr'>tuum</span> <span class='ocrx_word' id='word_1_58' title='bbox 791 1666 970 1730; x_wconf 91' lang='lat' dir='ltr'>Dominum</span> <span class='ocrx_word' id='word_1_59' title='bbox 1007 1672 1161 1731; x_wconf 90' lang='lat' dir='ltr'>nostrum</span> <span class='ocrx_word' id='word_1_60' title='bbox 1198 1667 1314 1730; x_wconf 88' lang='lat' dir='ltr'>Jesum</span> 
     </span>
     <span class='ocr_line' id='line_1_11' title="bbox 158 1763 1314 1854; baseline 0.003 -26"><span class='ocrx_word' id='word_1_61' title='bbox 158 1763 339 1842; x_wconf 77' lang='lat' dir='ltr'>Christum,</span> <span class='ocrx_word' id='word_1_62' title='bbox 360 1789 485 1852; x_wconf 88' lang='lat' dir='ltr'>perque</span> <span class='ocrx_word' id='word_1_63' title='bbox 508 1769 645 1834; x_wconf 86' lang='lat' dir='ltr'>Flamen</span> <span class='ocrx_word' id='word_1_64' title='bbox 671 1776 822 1834; x_wconf 85' lang='lat' dir='ltr'>sanetum</span> <span class='ocrx_word' id='word_1_65' title='bbox 845 1770 933 1854; x_wconf 92' lang='lat' dir='ltr'>quod</span> <span class='ocrx_word' id='word_1_66' title='bbox 955 1769 990 1833; x_wconf 92' lang='lat' dir='ltr'>in</span> <span class='ocrx_word' id='word_1_67' title='bbox 1011 1769 1192 1854; x_wconf 85' lang='lat' dir='ltr'>primordio</span> <span class='ocrx_word' id='word_1_68' title='bbox 1215 1790 1314 1852; x_wconf 88' lang='lat' dir='ltr'>super</span> 
     </span>
     <span class='ocr_line' id='line_1_12' title="bbox 158 1870 1315 1957; baseline 0.003 -27"><span class='ocrx_word' id='word_1_69' title='bbox 158 1887 265 1951; x_wconf 84' lang='lat' dir='ltr'>aquas</span> <span class='ocrx_word' id='word_1_70' title='bbox 286 1870 467 1948; x_wconf 85' lang='lat' dir='ltr'>ferebatur,</span> <span class='ocrx_word' id='word_1_71' title='bbox 483 1879 521 1937; x_wconf 92' lang='lat' dir='ltr'>ut</span> <span class='ocrx_word' id='word_1_72' title='bbox 543 1874 729 1957; x_wconf 88' lang='lat' dir='ltr'>quicunque</span> <span class='ocrx_word' id='word_1_73' title='bbox 753 1894 794 1935; x_wconf 89' lang='lat' dir='ltr'>ex</span> <span class='ocrx_word' id='word_1_74' title='bbox 817 1873 880 1936; x_wconf 87' lang='lat' dir='ltr'>bac</span> <span class='ocrx_word' id='word_1_75' title='bbox 897 1872 1051 1936; x_wconf 85' lang='lat' dir='ltr'>sacrandi</span> <span class='ocrx_word' id='word_1_76' title='bbox 1072 1870 1136 1934; x_wconf 89' lang='lat' dir='ltr'>olei</span> <span class='ocrx_word' id='word_1_77' title='bbox 1160 1871 1315 1934; x_wconf 90' lang='lat' dir='ltr'>unctione</span> 
     </span>
     <span class='ocr_line' id='line_1_13' title="bbox 156 1971 1313 2058; baseline 0.003 -25"><span class='ocrx_word' id='word_1_78' title='bbox 156 1971 240 2034; x_wconf 83' lang='lat' dir='ltr'>tacti</span> <span class='ocrx_word' id='word_1_79' title='bbox 273 1971 325 2034; x_wconf 90' lang='lat' dir='ltr'>vel</span> <span class='ocrx_word' id='word_1_80' title='bbox 359 1974 578 2058; x_wconf 84' lang='lat' dir='ltr'>consignandi</span> <span class='ocrx_word' id='word_1_81' title='bbox 611 1975 738 2037; x_wconf 84' lang='lat' dir='ltr'>fuerint</span> <span class='ocrx_word' id='word_1_82' title='bbox 777 1973 1020 2038; x_wconf 84' lang='lat' dir='ltr'>benedictionis</span> <span class='ocrx_word' id='word_1_83' title='bbox 1055 1980 1121 2037; x_wconf 84' lang='lat' dir='ltr'>tuae</span> <span class='ocrx_word' id='word_1_84' title='bbox 1160 1974 1313 2056; x_wconf 81' lang='lat' dir='ltr'>praesidio</span> 
     </span>
     <span class='ocr_line' id='line_1_14' title="bbox 157 2072 1312 2159; baseline 0.004 -26"><span class='ocrx_word' id='word_1_85' title='bbox 157 2072 361 2136; x_wconf 87' lang='lat' dir='ltr'>muniantur.</span> <span class='ocrx_word' id='word_1_86' title='bbox 415 2074 593 2139; x_wconf 82' lang='lat' dir='ltr'>Praesentis</span> <span class='ocrx_word' id='word_1_87' title='bbox 619 2096 751 2159; x_wconf 89' lang='lat' dir='ltr'>quoque</span> <span class='ocrx_word' id='word_1_88' title='bbox 778 2076 855 2139; x_wconf 84' lang='lat' dir='ltr'>vitae</span> <span class='ocrx_word' id='word_1_89' title='bbox 882 2076 1105 2159; x_wconf 78' lang='lat' dir='ltr'>prosperitate</span> <span class='ocrx_word' id='word_1_90' title='bbox 1133 2074 1312 2157; x_wconf 67' lang='lat' dir='ltr'>gaudeant}</span> 
     </span>
     <span class='ocr_line' id='line_1_15' title="bbox 158 2177 1313 2261; baseline 0.003 -25"><span class='ocrx_word' id='word_1_91' title='bbox 158 2194 295 2256; x_wconf 89' lang='lat' dir='ltr'>corpore</span> <span class='ocrx_word' id='word_1_92' title='bbox 311 2182 346 2240; x_wconf 87' lang='lat' dir='ltr'>ct</span> <span class='ocrx_word' id='word_1_93' title='bbox 362 2178 472 2240; x_wconf 86' lang='lat' dir='ltr'>animo</span> <span class='ocrx_word' id='word_1_94' title='bbox 491 2177 620 2261; x_wconf 83' lang='lat' dir='ltr'>jugiter</span> <span class='ocrx_word' id='word_1_95' title='bbox 636 2178 670 2239; x_wconf 94' lang='lat' dir='ltr'>in</span> <span class='ocrx_word' id='word_1_96' title='bbox 688 2183 721 2240; x_wconf 90' lang='lat' dir='ltr'>te</span> <span class='ocrx_word' id='word_1_97' title='bbox 739 2177 890 2240; x_wconf 85' lang='lat' dir='ltr'>valentes</span> <span class='ocrx_word' id='word_1_98' title='bbox 907 2177 1053 2261; x_wconf 86' lang='lat' dir='ltr'>vigeant,</span> <span class='ocrx_word' id='word_1_99' title='bbox 1066 2198 1104 2239; x_wconf 87' lang='lat' dir='ltr'>ac</span> <span class='ocrx_word' id='word_1_100' title='bbox 1120 2182 1197 2259; x_wconf 88' lang='lat' dir='ltr'>post</span> <span class='ocrx_word' id='word_1_101' title='bbox 1212 2177 1313 2259; x_wconf 88' lang='lat' dir='ltr'>hujus</span> 
     </span>
     <span class='ocr_line' id='line_1_16' title="bbox 161 2278 1316 2363; baseline 0.002 -23"><span class='ocrx_word' id='word_1_102' title='bbox 161 2278 235 2341; x_wconf 86' lang='lat' dir='ltr'>vitae</span> <span class='ocrx_word' id='word_1_103' title='bbox 251 2278 395 2344; x_wconf 85' lang='lat' dir='ltr'>labentis</span> <span class='ocrx_word' id='word_1_104' title='bbox 417 2285 569 2363; x_wconf 87' lang='lat' dir='ltr'>tempora</span> <span class='ocrx_word' id='word_1_105' title='bbox 584 2301 658 2343; x_wconf 91' lang='lat' dir='ltr'>cum</span> <span class='ocrx_word' id='word_1_106' title='bbox 682 2281 808 2343; x_wconf 87' lang='lat' dir='ltr'>sanetis</span> <span class='ocrx_word' id='word_1_107' title='bbox 824 2280 893 2344; x_wconf 89' lang='lat' dir='ltr'>tuis</span> <span class='ocrx_word' id='word_1_108' title='bbox 916 2280 1039 2363; x_wconf 88' lang='lat' dir='ltr'>gaudia</span> <span class='ocrx_word' id='word_1_109' title='bbox 1054 2279 1194 2362; x_wconf 81' lang='lat' dir='ltr'>adipisci</span> <span class='ocrx_word' id='word_1_110' title='bbox 1211 2300 1316 2343; x_wconf 89' lang='lat' dir='ltr'>mere-</span> 
     </span>
     <span class='ocr_line' id='line_1_17' title="bbox 160 2381 1315 2465; baseline 0.001 -22"><span class='ocrx_word' id='word_1_111' title='bbox 160 2387 260 2444; x_wconf 86' lang='lat' dir='ltr'>antur</span> <span class='ocrx_word' id='word_1_112' title='bbox 285 2381 496 2465; x_wconf 86' lang='lat' dir='ltr'>scmpiterna,</span> <span class='ocrx_word' id='word_1_113' title='bbox 518 2403 578 2464; x_wconf 89' lang='lat' dir='ltr'>per</span> <span class='ocrx_word' id='word_1_114' title='bbox 604 2382 727 2445; x_wconf 86' lang='lat' dir='ltr'>Filium</span> <span class='ocrx_word' id='word_1_115' title='bbox 754 2387 847 2446; x_wconf 91' lang='lat' dir='ltr'>tuum</span> <span class='ocrx_word' id='word_1_116' title='bbox 869 2381 1045 2444; x_wconf 90' lang='lat' dir='ltr'>Dominum</span> <span class='ocrx_word' id='word_1_117' title='bbox 1074 2386 1235 2457; x_wconf 90' lang='lat' dir='ltr'>nostrum,</span> <span class='ocrx_word' id='word_1_118' title='bbox 1259 2381 1315 2464; x_wconf 90' lang='lat' dir='ltr'>qui</span> 
     </span>
    </p>
   </div>
   <div class='ocr_carea' id='block_1_4' title="bbox 159 2484 1313 2570">
    <p class='ocr_par' dir='ltr' id='par_1_4' title="bbox 159 2484 1313 2570">
     <span class='ocr_line' id='line_1_18' title="bbox 159 2484 1313 2570; baseline 0.001 -22"><span class='ocrx_word' id='word_1_119' title='bbox 159 2490 319 2548; x_wconf 86' lang='lat' dir='ltr'>venturus</span> <span class='ocrx_word' id='word_1_120' title='bbox 335 2491 389 2549; x_wconf 91' lang='lat' dir='ltr'>est</span> <span class='ocrx_word' id='word_1_121' title='bbox 399 2484 551 2566; x_wconf 85' lang='lat' dir='ltr'>judicare</span> <span class='ocrx_word' id='word_1_122' title='bbox 567 2486 662 2549; x_wconf 85' lang='lat' dir='ltr'>vivos</span> <span class='ocrx_word' id='word_1_123' title='bbox 677 2507 716 2549; x_wconf 84' lang='lat' dir='ltr'>ac</span> <span class='ocrx_word' id='word_1_124' title='bbox 728 2491 879 2548; x_wconf 86' lang='lat' dir='ltr'>mortuos</span> <span class='ocrx_word' id='word_1_125' title='bbox 895 2491 930 2548; x_wconf 87' lang='lat' dir='ltr'>et</span> <span class='ocrx_word' id='word_1_126' title='bbox 946 2484 1100 2548; x_wconf 87' lang='lat' dir='ltr'>saeculum</span> <span class='ocrx_word' id='word_1_127' title='bbox 1118 2506 1178 2568; x_wconf 89' lang='lat' dir='ltr'>per</span> <span class='ocrx_word' id='word_1_128' title='bbox 1193 2486 1313 2570; x_wconf 85' lang='lat' dir='ltr'>ignem.</span> 
     </span>
    </p>
   </div>
   <div class='ocr_carea' id='block_1_5' title="bbox 449 2685 937 2903">
    <p class='ocr_par' dir='ltr' id='par_1_5' title="bbox 449 2685 937 2903">
     <span class='ocr_line' id='line_1_19' title="bbox 705 2685 767 2751; baseline 0.032 -2"><span class='ocrx_word' id='word_1_129' title='bbox 705 2685 767 2751; x_wconf 85' lang='lat'>111.</span> 
     </span>
     <span class='ocr_line' id='line_1_20' title="bbox 449 2836 937 2903; baseline -0.006 -1"><span class='ocrx_word' id='word_1_130' title='bbox 449 2836 724 2902; x_wconf 79' lang='lat' dir='ltr'><strong>BENEDIOTIO</strong></span> <span class='ocrx_word' id='word_1_131' title='bbox 747 2837 937 2903; x_wconf 88' lang='lat' dir='ltr'><strong>ANNULI.</strong></span> 
     </span>
    </p>
   </div>
   <div class='ocr_carea' id='block_1_6' title="bbox 158 3022 1315 3513">
    <p class='ocr_par' dir='ltr' id='par_1_6' title="bbox 158 3022 1315 3513">
     <span class='ocr_line' id='line_1_21' title="bbox 204 3022 1315 3108; baseline -0.002 -20"><span class='ocrx_word' id='word_1_132' title='bbox 204 3025 343 3088; x_wconf 82' lang='lat' dir='ltr'>Creator</span> <span class='ocrx_word' id='word_1_133' title='bbox 359 3033 392 3088; x_wconf 89' lang='lat' dir='ltr'>et</span> <span class='ocrx_word' id='word_1_134' title='bbox 379 3030 625 3088; x_wconf 85' lang='lat' dir='ltr'>tconservutor</span> <span class='ocrx_word' id='word_1_135' title='bbox 640 3023 777 3087; x_wconf 86' lang='lat' dir='ltr'>humani</span> <span class='ocrx_word' id='word_1_136' title='bbox 794 3023 941 3108; x_wconf 82' lang='lat' dir='ltr'>generis,</span> <span class='ocrx_word' id='word_1_137' title='bbox 957 3022 1055 3085; x_wconf 87' lang='lat' dir='ltr'>dator</span> <span class='ocrx_word' id='word_1_138' title='bbox 1071 3023 1187 3106; x_wconf 82' lang='lat' dir='ltr'>gratiae</span> <span class='ocrx_word' id='word_1_139' title='bbox 1204 3024 1315 3108; x_wconf 89' lang='lat' dir='ltr'>spirit</span> 
     </span>
     <span class='ocr_line' id='line_1_22' title="bbox 158 3123 1313 3248; baseline -0.003 -57"><span class='ocrx_word' id='word_1_140' title='bbox 158 3128 233 3202; x_wconf 85' lang='lat' dir='ltr'>alis,</span> <span class='ocrx_word' id='word_1_141' title='bbox 264 3127 367 3212; x_wconf 84' lang='lat' dir='ltr'>largit</span> <span class='ocrx_word' id='word_1_142' title='bbox 369 3149 407 3191; x_wconf 88' lang='lat' dir='ltr'>or</span> <span class='ocrx_word' id='word_1_143' title='bbox 440 3151 465 3190; x_wconf 87' lang='lat' dir='ltr'>ae</span> <span class='ocrx_word' id='word_1_144' title='bbox 468 3132 570 3191; x_wconf 86' lang='lat' dir='ltr'>ternae</span> <span class='ocrx_word' id='word_1_145' title='bbox 606 3125 705 3189; x_wconf 85' lang='lat' dir='ltr'>salut</span> <span class='ocrx_word' id='word_1_146' title='bbox 682 3131 739 3200; x_wconf 80' lang='lat' dir='ltr'>trs,</span> <span class='ocrx_word' id='word_1_147' title='bbox 770 3131 819 3248; x_wconf 78' lang='lat' dir='ltr'>tp,</span> <span class='ocrx_word' id='word_1_148' title='bbox 849 3125 1002 3200; x_wconf 90' lang='lat' dir='ltr'>Domine,</span> <span class='ocrx_word' id='word_1_149' title='bbox 1032 3123 1191 3206; x_wconf 84' lang='lat' dir='ltr'>permitte</span> <span class='ocrx_word' id='word_1_150' title='bbox 1222 3131 1313 3189; x_wconf 87' lang='lat' dir='ltr'>tuam</span> 
     </span>
     <span class='ocr_line' id='line_1_23' title="bbox 159 3197 1313 3342; baseline -0.004 -49"><span class='ocrx_word' id='word_1_151' title='bbox 159 3229 462 3314; x_wconf 59' lang='lat' dir='ltr'>beneffldictionem</span> <span class='ocrx_word' id='word_1_152' title='bbox 474 3228 672 3310; x_wconf 89' lang='lat' dir='ltr'>superhunc</span> <span class='ocrx_word' id='word_1_153' title='bbox 686 3197 909 3301; x_wconf 86' lang='lat' dir='ltr'>annulum,ut</span> <span class='ocrx_word' id='word_1_154' title='bbox 872 3225 1112 3342; x_wconf 89' lang='lat' dir='ltr'>utquiounque</span> <span class='ocrx_word' id='word_1_155' title='bbox 1128 3225 1190 3289; x_wconf 93' lang='lat' dir='ltr'>boc</span> <span class='ocrx_word' id='word_1_156' title='bbox 1204 3247 1313 3290; x_wconf 87' lang='lat' dir='ltr'>sacro·</span> 
     </span>
     <span class='ocr_line' id='line_1_24' title="bbox 159 3328 1310 3415; baseline -0.003 -20"><span class='ocrx_word' id='word_1_157' title='bbox 159 3340 281 3397; x_wconf 84' lang='lat' dir='ltr'>sanctae</span> <span class='ocrx_word' id='word_1_158' title='bbox 315 3332 391 3394; x_wconf 87' lang='lat' dir='ltr'>fidei</span> <span class='ocrx_word' id='word_1_159' title='bbox 423 3333 518 3415; x_wconf 83' lang='lat' dir='ltr'>signo</span> <span class='ocrx_word' id='word_1_160' title='bbox 552 3331 639 3413; x_wconf 84' lang='lat' dir='ltr'>insig</span> <span class='ocrx_word' id='word_1_161' title='bbox 619 3329 732 3392; x_wconf 68' lang='lat' dir='ltr'>onitus</span> <span class='ocrx_word' id='word_1_162' title='bbox 765 3328 907 3403; x_wconf 87' lang='lat' dir='ltr'>incedat,</span> <span class='ocrx_word' id='word_1_163' title='bbox 939 3328 972 3389; x_wconf 93' lang='lat' dir='ltr'>in</span> <span class='ocrx_word' id='word_1_164' title='bbox 1008 3328 1131 3389; x_wconf 89' lang='lat' dir='ltr'>virtute</span> <span class='ocrx_word' id='word_1_165' title='bbox 1099 3328 1310 3392; x_wconf 81' lang='lat' dir='ltr'>tcoeiestis</span> 
     </span>
     <span class='ocr_line' id='line_1_25' title="bbox 159 3428 1281 3513; baseline -0.003 -16"><span class='ocrx_word' id='word_1_166' title='bbox 159 3434 361 3498; x_wconf 83' lang='lat' dir='ltr'>defensionis</span> <span class='ocrx_word' id='word_1_167' title='bbox 379 3434 477 3498; x_wconf 89' lang='lat' dir='ltr'>adt</span> <span class='ocrx_word' id='word_1_168' title='bbox 436 3457 461 3497; x_wconf 86' lang='lat' dir='ltr'>ae</span> <span class='ocrx_word' id='word_1_169' title='bbox 463 3439 592 3496; x_wconf 89' lang='lat' dir='ltr'>ternam</span> <span class='ocrx_word' id='word_1_170' title='bbox 608 3433 742 3495; x_wconf 85' lang='lat' dir='ltr'>vitamt</span> <span class='ocrx_word' id='word_1_171' title='bbox 728 3431 788 3494; x_wconf 92' lang='lat' dir='ltr'>tibi</span> <span class='ocrx_word' id='word_1_172' title='bbox 806 3431 957 3513; x_wconf 84' lang='lat' dir='ltr'>proficiat</span> <span class='ocrx_word' id='word_1_173' title='bbox 960 3478 966 3492; x_wconf 88' lang='lat'><strong>.</strong></span> <span class='ocrx_word' id='word_1_174' title='bbox 943 3429 1078 3492; x_wconf 90' lang='lat' dir='ltr'>tPcr</span> <span class='ocrx_word' id='word_1_175' title='bbox 1094 3428 1281 3494; x_wconf 86' lang='lat' dir='ltr'>Dominum.</span> 
     </span>
    </p>
   </div>
   <div class='ocr_carea' id='block_1_7' title="bbox 500 3632 975 3868">
    <p class='ocr_par' dir='ltr' id='par_1_7' title="bbox 500 3632 975 3868">
     <span class='ocr_line' id='line_1_26' title="bbox 703 3632 872 3699; baseline 0.036 -6"><span class='ocrx_word' id='word_1_176' title='bbox 703 3632 753 3694; x_wconf 89' lang='lat' dir='ltr'>IV</span> <span class='ocrx_word' id='word_1_177' title='bbox 869 3694 872 3699; x_wconf 24' lang='lat'><strong>⁴</strong></span> 
     </span>
     <span class='ocr_line' id='line_1_27' title="bbox 500 3799 975 3868; baseline -0.017 0"><span class='ocrx_word' id='word_1_178' title='bbox 500 3800 775 3868; x_wconf 85' lang='lat' dir='ltr'><strong>BENEDIOTIO</strong></span> <span class='ocrx_word' id='word_1_179' title='bbox 799 3799 975 3864; x_wconf 85' lang='lat' dir='ltr'><strong>BAOULI.</strong></span> 
     </span>
    </p>
   </div>
   <div class='ocr_carea' id='block_1_8' title="bbox 161 3983 1316 4378">
    <p class='ocr_par' dir='ltr' id='par_1_8' title="bbox 161 3983 1316 4378">
     <span class='ocr_line' id='line_1_28' title="bbox 205 3983 1314 4073; baseline -0.006 -18"><span class='ocrx_word' id='word_1_180' title='bbox 205 3991 308 4066; x_wconf 88' lang='lat' dir='ltr'>Deus,</span> <span class='ocrx_word' id='word_1_181' title='bbox 332 3991 403 4053; x_wconf 90' lang='lat' dir='ltr'>sine</span> <span class='ocrx_word' id='word_1_182' title='bbox 426 4009 491 4073; x_wconf 95' lang='lat' dir='ltr'>quo</span> <span class='ocrx_word' id='word_1_183' title='bbox 514 3987 597 4051; x_wconf 91' lang='lat' dir='ltr'>nihil</span> <span class='ocrx_word' id='word_1_184' title='bbox 621 3990 734 4070; x_wconf 88' lang='lat' dir='ltr'>potest</span> <span class='ocrx_word' id='word_1_185' title='bbox 755 3983 904 4049; x_wconf 89' lang='lat' dir='ltr'>benedici</span> <span class='ocrx_word' id='word_1_186' title='bbox 932 3983 982 4045; x_wconf 84' lang='lat' dir='ltr'>vel</span> <span class='ocrx_word' id='word_1_187' title='bbox 1007 3983 1203 4059; x_wconf 84' lang='lat' dir='ltr'>consecrari,</span> <span class='ocrx_word' id='word_1_188' title='bbox 1227 3985 1314 4048; x_wconf 90' lang='lat' dir='ltr'>bunc</span> 
     </span>
     <span class='ocr_line' id='line_1_29' title="bbox 161 4084 1314 4175; baseline -0.004 -17"><span class='ocrx_word' id='word_1_189' title='bbox 161 4095 317 4159; x_wconf 85' lang='lat' dir='ltr'>baculum</span> <span class='ocrx_word' id='word_1_190' title='bbox 341 4094 534 4157; x_wconf 89' lang='lat' dir='ltr'>benedicere</span> <span class='ocrx_word' id='word_1_191' title='bbox 557 4090 705 4175; x_wconf 87' lang='lat' dir='ltr'>dignare,</span> <span class='ocrx_word' id='word_1_192' title='bbox 721 4095 758 4151; x_wconf 88' lang='lat' dir='ltr'>ut</span> <span class='ocrx_word' id='word_1_193' title='bbox 782 4087 1041 4171; x_wconf 86' lang='lat' dir='ltr'>quotiescunque</span> <span class='ocrx_word' id='word_1_194' title='bbox 1058 4084 1201 4149; x_wconf 86' lang='lat' dir='ltr'>famulus</span> <span class='ocrx_word' id='word_1_195' title='bbox 1225 4092 1314 4164; x_wconf 81' lang='lat' dir='ltr'>tuus,</span> 
     </span>
     <span class='ocr_line' id='line_1_30' title="bbox 163 4189 1316 4280; baseline -0.004 -21"><span class='ocrx_word' id='word_1_196' title='bbox 163 4197 258 4261; x_wconf 89' lang='lat' dir='ltr'>illum</span> <span class='ocrx_word' id='word_1_197' title='bbox 280 4195 444 4280; x_wconf 85' lang='lat' dir='ltr'>gestando</span> <span class='ocrx_word' id='word_1_198' title='bbox 467 4201 502 4256; x_wconf 88' lang='lat' dir='ltr'>ct</span> <span class='ocrx_word' id='word_1_199' title='bbox 517 4199 551 4256; x_wconf 88' lang='lat' dir='ltr'>te</span> <span class='ocrx_word' id='word_1_200' title='bbox 567 4194 601 4254; x_wconf 94' lang='lat' dir='ltr'>in</span> <span class='ocrx_word' id='word_1_201' title='bbox 618 4192 715 4255; x_wconf 91' lang='lat' dir='ltr'>corde</span> <span class='ocrx_word' id='word_1_202' title='bbox 739 4190 884 4253; x_wconf 91' lang='lat' dir='ltr'>tenendo</span> <span class='ocrx_word' id='word_1_203' title='bbox 905 4209 965 4272; x_wconf 86' lang='lat' dir='ltr'>per</span> <span class='ocrx_word' id='word_1_204' title='bbox 987 4189 1074 4251; x_wconf 92' lang='lat' dir='ltr'>hunc</span> <span class='ocrx_word' id='word_1_205' title='bbox 1099 4195 1316 4267; x_wconf 88' lang='lat' dir='ltr'>sustentetur,</span> 
     </span>
     <span class='ocr_line' id='line_1_31' title="bbox 162 4289 1252 4378; baseline -0.006 -16"><span class='ocrx_word' id='word_1_206' title='bbox 162 4304 195 4362; x_wconf 90' lang='lat' dir='ltr'>et</span> <span class='ocrx_word' id='word_1_207' title='bbox 212 4304 277 4362; x_wconf 85' lang='lat' dir='ltr'>tuae</span> <span class='ocrx_word' id='word_1_208' title='bbox 292 4295 573 4378; x_wconf 59' lang='lat' dir='ltr'>beneffldictionis</span> <span class='ocrx_word' id='word_1_209' title='bbox 590 4294 743 4356; x_wconf 82' lang='lat' dir='ltr'>ubertate</span> <span class='ocrx_word' id='word_1_210' title='bbox 759 4291 939 4374; x_wconf 84' lang='lat' dir='ltr'>repleatur.</span> <span class='ocrx_word' id='word_1_211' title='bbox 986 4289 1050 4351; x_wconf 89' lang='lat' dir='ltr'>Per</span> <span class='ocrx_word' id='word_1_212' title='bbox 1065 4289 1252 4356; x_wconf 88' lang='lat' dir='ltr'>Dominum.</span> 
     </span>
    </p>
   </div>
   <div class='ocr_carea' id='block_1_9' title="bbox 252 4400 406 4461">
    <p class='ocr_par' dir='ltr' id='par_1_9' title="bbox 252 4400 406 4461">
     <span class='ocr_line' id='line_1_32' title="bbox 252 4400 406 4461; baseline -0.006 -1"><span class='ocrx_word' id='word_1_213' title='bbox 252 4400 348 4461; x_wconf 89' lang='lat' dir='ltr'>Pont.</span> <span class='ocrx_word' id='word_1_214' title='bbox 366 4400 406 4461; x_wconf 88' lang='lat'>38</span> 
     </span>
    </p>
   </div>
   <div class='ocr_carea' id='block_1_10' title="bbox 0 0 1476 4996">
    <p class='ocr_par' dir='ltr' id='par_1_10' title="bbox 0 0 1476 4996">
     <span class='ocr_line' id='line_1_33' title="bbox 0 0 1476 4996; baseline 0 0"><span class='ocrx_word' id='word_1_215' title='bbox 0 0 1476 4996; x_wconf 95' lang='lat' dir='ltr'> </span> 
     </span>
    </p>
   </div>
  </div>
 </body>
</html>
