2940 4996
154 425 218 488 204
569 425 612 489 lu
632 427 736 491 Coeua
751 425 902 489 Domini.

154 633 189 694 in
205 629 336 694 nomine
351 631 429 694 Filii
444 631 495 694 tui
509 629 530 694 J
533 652 593 694 esu
608 630 735 696 Christi
750 636 785 696 et
801 630 946 716 Spiritus
962 628 1087 706 Sancti,
1100 649 1174 694 cum
1190 629 1309 712 quibus

158 735 191 796 in
222 734 352 797 unitate
383 734 530 798 Deitatis
559 735 716 821 gloriaris
745 742 781 801 ct
809 755 932 822 regnas
961 755 1022 820 per
1050 735 1163 798 omnia
1193 733 1312 797 saecula

158 836 363 900 saeculorum.
407 840 523 901 Amen.

215 940 317 1017 Deus,
347 941 404 1025 qui
433 941 468 1003 in
503 940 627 1005 virtute
659 942 773 1007 Sancti
809 941 953 1026 Spiritus
986 940 1037 1006 tui
1067 940 1310 1005 imbecillarum

80 1056 85 1065 “
160 1044 321 1107 mentium
354 1043 544 1107 rudimenta
572 1044 749 1109 confirmas
779 1049 814 1109 et
843 1043 1060 1110 beatificando
1091 1044 1254 1120 vivificas,
1284 1049 1316 1108 te

163 1167 309 1223 oramus,
331 1146 482 1221 Domine,
505 1152 543 1210 ut
565 1147 802 1212 sanctificando
826 1146 1040 1230 benopdicas
1062 1147 1125 1210 hoc
1148 1146 1270 1222 oleum,
1287 1153 1318 1210 et

165 1252 315 1315 venturis
329 1250 371 1314 ad
386 1252 491 1314 beatae
505 1251 770 1335 regenerationis
785 1251 955 1316 lavacrum
970 1270 1030 1335 per
1044 1249 1144 1313 istius
1161 1254 1320 1314 creature

166 1354 353 1419 unctionem
368 1353 490 1416 mentis
506 1359 541 1417 et
562 1354 711 1438 corporis
725 1354 855 1418 tribuas
877 1353 1128 1438 purgationem3
1155 1359 1189 1417 et
1206 1354 1236 1418 si
1252 1374 1320 1436 quae

165 1456 243 1521 illos
266 1457 514 1520 adversantium
542 1456 718 1541 spirituum
741 1457 924 1542 impediunt
949 1455 1105 1539 reliquiae,
1130 1457 1172 1521 ad
1195 1463 1321 1521 tactum

166 1562 268 1644 hujus
291 1559 398 1623 sancti
420 1559 485 1622 olei
508 1558 642 1623 virtutis
663 1564 729 1623 tuae
751 1559 930 1644 prasentia
950 1557 1142 1623 abscedant.
1188 1558 1323 1635 Nullus,

167 1663 318 1737 Domine,
333 1683 530 1745 quaesumus,
547 1683 606 1747 per
627 1662 728 1745 hujus
751 1661 817 1727 olei
839 1662 1030 1727 unctionem
1047 1661 1141 1725 lucus
1164 1663 1322 1746 nequitiis

168 1764 417 1848 spiritualibus3
445 1764 540 1829 nulla
567 1766 612 1829 sit
637 1765 782 1830 facultas
807 1765 946 1830 nocendi
971 1765 1098 1850 refugis
1124 1765 1320 1850 spiritibus3

170 1867 265 1933 nulla
280 1869 516 1932 insidiantibus
539 1869 742 1933 adversariis
766 1868 808 1932 ad
823 1869 923 1932 istius
944 1867 1009 1932 olei
1031 1868 1224 1932 unctionem
1241 1869 1324 1933 deci-

170 1973 283 2058 piendi
297 1971 512 2055 relinquatur
527 1971 684 2047 licentia3
709 1971 767 2035 sed
784 1972 937 2036 omnibus
953 1971 995 2036 ad
1018 1972 1225 2056 agnitionem
1241 1994 1324 2036 verse

171 2076 247 2139 fidei
264 2076 498 2140 convertendis
515 2075 598 2138 etin
623 2081 831 2139 sacramento
853 2074 1066 2159 baptismatis
1088 2077 1326 2160 regenerandis

173 2182 219 2245 sit
234 2180 344 2245 oleum
359 2178 399 2258 >1⁴
415 2186 586 2254 sanctum;
611 2178 657 2241 sit
671 2178 784 2242 unctio
808 2177 881 2261 ejus
898 2178 1159 2258 sanctifflficatio
1183 2180 1278 2245 utilis
1294 2186 1327 2244 et

174 2284 329 2359 salubris,
346 2283 388 2347 ad
404 2283 649 2368 percipiendam
665 2282 811 2367 gratiam
828 2281 1011 2346 coelestium
1027 2282 1279 2360 charismatum,
1296 2290 1329 2349 et

174 2388 216 2452 ad
232 2387 446 2452 obtinendam
463 2407 682 2470 supernorum
698 2386 820 2449 civium
842 2387 947 2450 beatae
961 2384 1136 2450 felicitatis
1151 2389 1331 2451 communi·

174 2512 280 2555 onem.
326 2490 391 2554 Per
406 2489 585 2552 Dominum
600 2494 753 2552 nostrum
769 2488 790 2552 J
792 2508 885 2552 esum
901 2488 1071 2553 Christum
1083 2487 1207 2552 Filium
1224 2497 1328 2567 tuum,

172 2595 229 2678 qui
259 2616 334 2658 cum
365 2593 479 2656 eodem
512 2592 636 2675 Spiritu
669 2591 791 2656 Sancto
821 2598 933 2655 tecum
963 2591 1073 2655 omnia
1103 2599 1265 2677 operatur
1294 2596 1326 2658 in

174 2697 337 2772 omnibus,
354 2696 388 2758 in
412 2696 532 2778 quibus
556 2696 642 2758 vivis
666 2700 701 2759 et
722 2694 915 2771 dominaris,
931 2693 1040 2759 trinus
1056 2699 1090 2760 et
1114 2718 1202 2762 unus
1225 2698 1327 2776 Deus,

175 2800 361 2883 peremnia
378 2797 498 2861 saecula
514 2796 720 2861 saeculorum.
765 2800 884 2860 Amen.

216 2900 285 2957 Post
309 2902 376 2970 doec,
400 2907 548 2957 revertente
570 2900 703 2976 pontifice
727 2898 766 2956 ad
789 2900 880 2957 sedem
901 2920 993 2970 mam,
1017 2899 1074 2958 duc
1096 2910 1223 2962 cauteres
1244 2907 1329 2963 claris

175 2996 287 3053 uocibus
307 2996 452 3052 decantent
473 2993 662 3071 dymuum,0
684 2992 872 3072 Redemptor.
914 2994 1085 3073 Iueu'pieudo
1105 3017 1227 3070 uersum,
1244 3000 1330 3060 Stans

175 3092 212 3149 ad
227 3111 318 3160 aram,
333 3096 432 3165 surgat
441 3087 580 3166 poutiseu.

216 3187 303 3243 Dicto
326 3186 438 3262 dymno,
462 3190 619 3241 reuertatur
642 3183 785 3261 episcopus
809 3183 849 3241 cd
872 3183 972 3254 altore,
994 3192 1019 3242 et
1038 3184 1184 3260 deferatur
1209 3208 1228 3246 a
1253 3192 1332 3248 tertio

176 3283 297 3339 diucouo
324 3279 454 3356 aripaldo
477 3298 542 3336 eum
569 3278 636 3348 oleo,
663 3299 724 3355 quoe
750 3279 831 3337 dedet
853 3279 1069 3357 inscriptionem
1094 3281 1259 3342 chrismatis
1270 3307 1282 3356 ;
1308 3295 1333 3343 et

176 3382 327 3433 misceatur
340 3375 372 3432 u‘u
387 3394 420 3431 ea
434 3372 601 3443 babdutam,
615 3393 799 3450 superquam
819 3373 964 3451 episcopus
978 3382 1020 3432 ter
1038 3375 1153 3451 aipuum
1173 3385 1277 3452 erucis,
1294 3389 1334 3439 ter

176 3473 291 3547 szffous
306 3473 339 3526 du
352 3489 394 3538 ea,
412 3487 556 3525 conuersus
571 3466 610 3524 ud
624 3468 770 3540 orientem,
784 3468 828 3526 ita
842 3469 986 3527 benedicat
1000 3469 1134 3541 chrisma,
1150 3471 1258 3532 diceus.

221 3565 302 3628 Haec
318 3562 510 3628 commixtio
527 3561 691 3645 liquorum
708 3562 769 3626 fiat
784 3563 936 3627 omnibus
952 3565 1124 3648 perunctis
1139 3569 1335 3652 propitiatio

177 3678 211 3731 et
227 3667 379 3732 custodia
396 3666 555 3730 salutaris
571 3665 604 3727 in
622 3664 744 3729 saecula
761 3667 964 3730 saeculorum.
1009 3668 1126 3732 Amen.

218 3771 277 3829 Hie
291 3771 407 3827 dicutur
419 3768 549 3845 byruuus,
568 3767 644 3826 Veni
661 3768 791 3828 Creator.
836 3767 978 3846 Sequitur.

221 3865 383 3928 Dominus
400 3863 579 3927 vobiscum.

222 3968 371 4043 Oramus,
391 3967 408 4003 *
431 3968 553 4031 fratres
577 3967 752 4044 carissimi,
775 3967 882 4032 Deum
905 3969 1039 4034 Patrem
1063 3971 1335 4056 omnipotentem,

178 4069 251 4133 coeli
275 4076 438 4153 terraeque
463 4071 678 4147 conditorem,
703 4071 759 4155 qui
782 4072 948 4157 unigeniti
971 4072 1048 4137 Filii
1073 4075 1126 4138 sui
1150 4077 1338 4142 admirabili

178 4173 342 4256 patientia
365 4173 566 4236 mirabiliter
589 4175 741 4258 pereunti
772 4176 928 4240 subvenit
950 4177 1083 4256 mundo,
1108 4185 1148 4244 ut
1170 4183 1269 4247 nobis
1290 4183 1336 4245 in·

178 4327 194 4357 t
216 4325 251 4376 Iu
265 4325 305 4378 tbe
319 4326 428 4393 llurpiu
442 4326 510 4380 there
523 4329 546 4379 is
558 4329 645 4382 added
654 4349 664 4392 ,·
684 4329 798 4399 legendo
812 4349 885 4386 more
897 4334 1035 4387 communi
1049 4352 1110 4390 cum
1125 4347 1219 4394 cantu.
