2940 4996
507 407 691 470 Dedicatio
711 409 909 472 Cocineterii.

176 602 247 663 Post
260 607 318 665 toec
332 609 371 666 ad
383 612 532 670 meridiem
545 634 647 684 casas,
663 614 741 672 dicat
754 615 827 673 hamc
840 614 1004 672 orationem.

179 698 333 766 Oremus.
378 703 570 770 Flectamus
584 728 705 792 genua.
749 709 885 773 Levate.

179 800 322 868 Domine
337 805 439 883 Deus,
455 816 571 892 pastor
585 816 714 876 aeternae
730 810 855 895 gloriae,
867 812 975 873 honor
990 808 1171 893 sapientiae,
1183 811 1296 871 custos

136 909 171 968 et
197 906 294 991 vigor
317 911 509 994 prudentiae,
533 913 625 977 salus
651 915 893 999 aegrotantium,
916 913 1073 978 valetudo
1100 911 1296 995 potentium,

135 1015 327 1074 maestorum
351 1012 508 1093 solamen,
531 1017 602 1080 vita
624 1018 801 1101 justorum,
824 1017 934 1101 gloria
954 1015 1140 1090 humilium,
1162 1019 1207 1089 te,
1229 1011 1296 1076 Do-

134 1110 235 1188 mine,
261 1114 451 1200 flagitamus
481 1124 519 1182 ut
547 1119 611 1183 hoc
641 1140 811 1183 servorum
838 1126 970 1184 tuorum
1001 1117 1223 1183 coemeterium
1253 1115 1296 1179 ab

134 1215 226 1279 omui
249 1219 410 1301 spurcitia
431 1242 470 1285 ac
491 1220 740 1305 inquinamento
764 1224 940 1308 spirituum
964 1221 1205 1284 immundorum
1221 1239 1294 1282 cus-

133 1318 254 1395 todire,
276 1321 470 1397 mnndfflare
492 1329 527 1388 et
548 1323 776 1395 beneffldieere
799 1326 957 1410 digneris,
981 1330 1080 1408 atque
1104 1321 1295 1406 corporibus

132 1422 291 1486 humanis
312 1424 374 1488 hoc
396 1426 430 1489 in
453 1425 525 1491 loco
546 1427 744 1510 sepeliendis
767 1429 991 1492 sinceritatem
1018 1431 1212 1510 perpetuam
1236 1422 1295 1485 tri-

134 1525 237 1588 buere
252 1547 318 1589 non
333 1527 477 1604 desinas,
493 1530 727 1614 etquicunque
743 1531 901 1615 baptismi
915 1530 1059 1615 gratiam
1075 1527 1293 1613 perceperint,

136 1634 173 1692 et
201 1629 278 1692 fidei
309 1629 486 1695 Catholicae
520 1654 625 1716 usque
655 1633 697 1696 ad
728 1635 803 1698 vitae
832 1634 1010 1698 terminum
1040 1636 1294 1717 perseverant-es

134 1733 273 1810 fuerint,
290 1740 390 1819 atque
412 1736 552 1802 decurso
574 1738 675 1820 hujus
696 1739 755 1801 aevi
771 1739 912 1802 termino
937 1758 1075 1821 corpora
1098 1757 1159 1799 sua
1174 1735 1208 1796 in
1230 1735 1294 1795 boc

136 1839 325 1903 coemeterio
354 1839 480 1924 requiei
509 1842 823 1918 commendaverint,
851 1841 1012 1927 angelicis
1040 1840 1132 1904 tubis
1162 1858 1294 1902 concre-

135 1941 306 2024 pantibus,
328 1964 401 2006 eum
422 1945 562 2008 materia
586 1944 733 2028 corporis
757 1949 791 2008 et
817 1944 932 2008 animae
955 1942 1090 2029 praemia
1111 1940 1294 2005 coelestium

136 2044 335 2130 gaudiorum
352 2047 553 2131 sempiterna
568 2048 764 2132 percipiant.
809 2048 874 2112 Per
889 2046 1077 2111 Dominum.

179 2149 281 2206 Postea
299 2157 425 2207 cantetur
447 2150 503 2207 baec
523 2151 681 2227 antiphona
705 2171 768 2208 cara
792 2150 913 2207 versitas
927 2149 1045 2228 psalmi,
1065 2146 1145 2205 Voce
1169 2165 1233 2203 mea
1256 2146 1292 2202 ad

136 2243 306 2302 Dominum.

181 2547 365 2611 De·usin
390 2549 615 2613 sanatori-a
659 2555 771 2626 tu·a,
817 2547 1054 2632 QuisDe-us
1086 2569 1294 2633 mag--nns

871 2767 1074 2824 [ῖῑῐιῑ-
1223 2752 1293 2809 -Ι-

135 2877 249 2941 sic-ut
268 2876 403 2939 De·us
432 2882 572 2953 nos-ter,
626 2877 676 2939 Tu
721 2898 758 2940 es
781 2877 990 2960 De·usqui
1013 2877 1049 2940 fa
1076 2877 1152 2939 -cis
1181 2878 1294 2940 nii-ra-

135 3187 170 3250 bi
186 3186 302 3250 -li·a
327 3207 450 3270 magna
466 3187 573 3249 so-lns
588 3186 621 3250 vi
645 3223 659 3236 -
682 3189 803 3250 derunt
818 3194 852 3250 te
868 3209 985 3271 a-quae.
1032 3208 1049 3250 e
1076 3210 1098 3249 u
1125 3209 1144 3249 o
1169 3209 1191 3249 u
1218 3211 1238 3251 a
1265 3212 1293 3253 e.

176 3307 281 3365 Postea
293 3306 436 3383 episcopas
448 3307 488 3364 ad
501 3306 661 3383 aquilonem
674 3328 768 3364 versas
781 3307 858 3365 dicat
871 3309 945 3366 boae
957 3308 1122 3365 orationem.

178 3401 331 3464 Oramus.
375 3400 567 3466 Flectamus
583 3423 703 3487 genua.
748 3402 884 3466 Levate.
1128 3475 1130 3478 ¹

183 3506 315 3570 Oratio.
361 3505 578 3590 Omnipotens
601 3506 802 3590 sempiterne
825 3504 927 3582 Deus,
949 3506 1005 3589 qui
1029 3527 1065 3569 es
1088 3511 1201 3570 custos
1224 3509 1295 3571 ani-

135 3629 275 3684 marum,
291 3607 399 3672 tutela
422 3609 552 3686 salutis,
576 3610 657 3673 fides
681 3609 894 3685 credentium,
915 3609 1042 3692 respice
1066 3609 1230 3694 propitius
1254 3613 1294 3674 ad

134 3718 258 3775 nostrae
285 3711 458 3774 servitutis
485 3712 636 3788 officium,
663 3718 702 3776 ut
727 3712 769 3775 ad
798 3711 973 3775 introitum
1000 3716 1150 3774 nostrum
1176 3714 1297 3786 bened<

134 3815 256 3889 dicere,
268 3812 497 3887 consecfflrare
514 3820 549 3879 et
564 3812 807 3886 sanctifflficare
824 3816 885 3877 hoc
901 3814 1122 3876 caemeterium
1139 3814 1296 3899 digneris,

136 3924 303 4001 quatenus
319 3917 465 3980 hnmana
487 3938 627 4000 corpora
642 3918 695 3980 hio
711 3921 789 4000 post
810 3916 886 3978 vitae
902 3936 1034 3978 cursum
1055 3919 1242 3998 pausantis,
1260 3921 1294 3981 in

135 4020 251 4104 magni
268 4019 385 4102 judicii
408 4019 460 4082 die
484 4018 582 4082 simul
605 4041 677 4082 cum
692 4018 789 4082 felice
812 4018 924 4081 anima
945 4027 1137 4082 mereantur
1159 4022 1297 4105 adipisci

135 4123 213 4185 vitae
229 4120 385 4204 perennis
399 4121 531 4205 gaudia.
577 4122 641 4184 Per
656 4121 833 4184 Dominum
849 4126 1011 4184 nostrum.

177 4223 295 4280 Exinde
317 4223 424 4300 pressat
447 4223 622 4281 tham'balam
645 4224 724 4280 thare
747 4222 878 4298 refertam
902 4223 1035 4300 accipiat,
1061 4232 1086 4281 ct
1110 4228 1296 4284 sacretariam

133 4319 306 4379 circueundo
319 4318 447 4391 incenset,
461 4319 533 4376 clero
546 4327 658 4377 canente
672 4319 744 4376 boae
759 4317 955 4394 antiphonam.

224 4416 312 4479 Pont
330 4415 369 4476 ll
