2940 4996
472 527 722 592 ORDINATIO
735 514 1000 589 4ΙιΕΟΤΟΒΙΙΜ.

198 699 288 769 Tanc,
316 699 393 756 dicta
416 699 518 776 priona
546 700 657 757 lectione
684 707 709 756 et
735 699 811 757 dicto
837 697 953 774 aradati
981 703 1005 752 et
1026 693 1146 752 secanda
1173 694 1306 762 oratione,

155 795 236 851 dicat
249 794 475 862 archidiaconus,

201 888 371 951 Accedant
386 889 442 971 qui
459 888 630 951 ordinandi
648 893 725 950 aunt
740 887 906 950 Lectores.

203 989 284 1046 Tunc
311 990 472 1046 immediate
500 990 641 1059 accedant,
673 997 824 1064 antequam
853 988 930 1045 lectio
964 986 1084 1044 secanda
1112 985 1228 1060 leantur.
1271 983 1312 1041 Et

156 1084 300 1160 episcopas
315 1083 431 1140 sedendo
445 1083 484 1140 eis
498 1083 584 1140 dicat.

203 1178 375 1240 Lectocem
392 1183 523 1260 oportet
539 1177 648 1260 legere
670 1197 740 1258 quae
760 1176 925 1258 praedicat,
942 1180 976 1238 et
998 1174 1156 1237 lectiones
1180 1180 1313 1237 cantare

157 1280 324 1352 distincte,
341 1285 375 1341 et
389 1278 581 1341 benedicere
598 1298 716 1360 panem
732 1282 767 1339 et
782 1297 895 1338 omncs
910 1276 1038 1339 fructus
1054 1297 1168 1338 novos,

211 1381 253 1437 Et
276 1380 374 1437 stando
397 1380 439 1436 oet
463 1378 639 1448 circueunda,
662 1377 759 1434 tradat
781 1378 820 1435 eis
841 1377 982 1454 episcopias
1006 1377 1126 1434 codicem
1148 1377 1314 1434 divinornm

159 1476 317 1543 lectionum,
346 1494 426 1550 quein
453 1473 592 1550 recipiant
617 1475 690 1530 inter
710 1494 821 1542 manns,
843 1472 949 1530 dicente
969 1473 1103 1548 episcopo,
1124 1480 1148 1529 et
1169 1471 1315 1548 sapienti

159 1576 265 1645 oportet
279 1567 430 1644 repetendo.

206 1663 362 1745 Accipite,
379 1669 414 1726 et
436 1667 541 1724 estote
565 1663 656 1725 verbi
679 1662 741 1725 Dei
764 1661 934 1734 relatoreS,
950 1661 1106 1737 habituri,
1124 1662 1151 1725 si
1177 1661 1319 1725 fideliter

161 1772 197 1828 et
219 1765 336 1828 devote
361 1763 576 1847 impleveritis
600 1764 740 1827 officium
765 1770 921 1839 vestrum,
939 1769 1065 1846 partem
1089 1785 1162 1827 cum
1185 1763 1238 1826 his
1261 1764 1317 1847 qui

162 1869 298 1931 verbum
315 1866 377 1929 Dei
394 1867 435 1929 ab
449 1866 544 1929 initio
560 1867 876 1930 administraverint.

557 1968 705 2025 Lectorain
721 1965 858 2043 Praefatio
872 1968 920 2024 sic.

209 2221 387 2294 O-re-mus,
406 2219 454 2282 di·
466 2218 690 2294 tectis-simi,
707 2218 771 2281 De·
784 2241 853 2281 -um
871 2220 1003 2282 Patrem
1019 2219 1317 2302 omni-potentem,

162 2353 1316 2394 -1—1—3--1—-u—H—ff—1—1—-1-fl—H—1—1—1-

163 2486 204 2543 ut
231 2499 345 2561 su-per
366 2479 427 2540 hos
452 2477 620 2540 fa-mu-los
648 2497 763 2539 sanos
789 2498 872 2559 quos
899 2478 931 2539 in
957 2479 1116 2541 ordi-nem
1143 2479 1316 2542 lecto-rum

164 2612 1316 2654 -ι-ι-ι-ι-ι-Η-ι-ι-Η-ι-ι-ι-ι--ι-Η-

166 2740 339 2824 dignatur
373 2757 570 2800 assu-me-re
601 2736 940 2800 be-ne-dicti-·o-nem
976 2757 1028 2799 su·
1039 2759 1106 2800 -am
1140 2739 1319 2804 clementer

165 2849 1319 2913 W

166 2995 347 3071 infundat,
378 3000 572 3077 qua-tenus
597 2992 750 3055 dictincte
780 2991 909 3076 legant
939 3015 1009 3076 quae
1042 2994 1075 3056 in
1107 2995 1321 3062 eccle--si--a

166 3107 1231 3224 Q

167 3256 233 3318 De·
245 3255 270 3315 -i
286 3253 442 3337 legenda
458 3259 545 3326 sunt,
563 3257 597 3313 et
613 3272 644 3313 e·
655 3250 778 3312 -a-dem
796 3249 994 3332 o-pe-ci-bus
1011 3252 1138 3336 im-ple·
1150 3262 1232 3318 -ant

210 3355 271 3413 Isto
286 3355 366 3411 modo
379 3355 513 3410 dicantar
521 3351 703 3429 proefationec
715 3360 859 3426 scantentes,
874 3372 958 3428 usqae
972 3352 1011 3409 ad
1024 3353 1163 3414 diaconos.

670 3445 819 3509 Oremus.

467 3553 652 3614 Diaconnc.
698 3549 1020 3633 Flectamusgenua.

215 3655 355 3719 Domine
369 3660 492 3729 sancte,
506 3653 604 3715 Pater
617 3652 834 3735 omnipotcna
848 3661 967 3714 aeterne
984 3652 1083 3728 Deus,
1095 3653 1321 3728 beneffldicecc

169 3760 307 3844 dignare
330 3757 392 3818 hos
415 3754 558 3819 famulos
580 3759 666 3828 tuos,
689 3753 722 3814 in
747 3753 850 3816 officio
866 3753 1050 3830 Ledaeum,
1067 3762 1105 3819 ut
1128 3759 1322 3827 assiduitate

169 3861 348 3925 lectionum
372 3857 518 3922 distincti
546 3857 612 3920 sint
638 3862 736 3939 atque
764 3855 926 3931 ordinati3
951 3863 985 3919 et
1007 3859 1134 3941 agenda
1156 3862 1267 3928 dicant
1290 3877 1323 3931 et

170 3965 261 4027 dicta
277 3982 374 4045 opere
391 3960 595 4044 compleant:
619 3964 657 4021 ut
671 3959 705 4020 in
721 3965 860 4040 utroque
878 3965 997 4022 sanctae
1014 3961 1156 4026 ecclesia
1173 3969 1323 4053 exemplo

171 4067 361 4132 sanctitatis
378 4087 442 4129 suae
459 4063 641 4127 consulant.
687 4065 750 4125 Per
766 4063 950 4125 Dominum.
