2940 4996
195 408 244 491 ΒΖ
583 412 786 486 Benedictio
799 414 964 487 Abbati&

197 618 372 688 consilium
387 618 527 713 rectum,
543 624 578 686 et
600 620 785 709 doctrinam
806 627 968 700 sanctam,
982 621 1022 688 nt
1042 618 1144 714 aptus
1166 617 1359 684 inveniatur

198 725 241 790 ad
261 722 487 807 accipiendam
507 724 651 810 gratiam
670 728 736 790 tuae
758 724 1019 803 benedictionis3
1042 730 1209 811 quatenus
1230 726 1266 788 et
1287 720 1357 806 ipse

200 828 272 892 sine
288 827 470 891 offensione
495 835 686 892 sauctorum
708 830 853 915 vestigia
870 835 1003 915 patrum
1027 833 1198 913 sequatur,
1216 844 1359 909 suosque

152 943 164 984 ·''
200 950 360 1013 sequaces
386 929 513 994 sanctis
537 931 818 996 admonitionibus
843 932 939 1015 sequi
961 932 1074 1008 faciat,
1097 931 1261 1012 sciatque,
1285 927 1361 1011 quia

199 1035 258 1119 qui
284 1034 575 1119 suseipitanimas
598 1034 774 1119 regendas,
793 1035 827 1098 iu
846 1035 898 1099 die
913 1033 1031 1120 judicii
1052 1033 1186 1119 probis
1210 1031 1361 1096 omnibus

200 1137 365 1201 rationem
380 1136 571 1201 redditurus
587 1142 639 1200 est
651 1137 794 1202 Domino
810 1143 925 1203 nostro
940 1137 961 1202 J
963 1159 1023 1201 esu
1039 1135 1172 1200 Christo
1190 1134 1279 1198 Filio
1294 1137 1361 1210 tuo,

199 1241 259 1325 qui
275 1245 385 1304 tecum
400 1240 484 1304 vivit
500 1246 535 1304 et
549 1244 669 1325 regnat
684 1240 719 1302 in
736 1240 864 1306 unitate
882 1239 1028 1325 Spiritus
1045 1239 1159 1304 Sancti
1173 1236 1267 1303 Deus
1282 1257 1351 1323 per.

199 1378 201 1382 ·
247 1342 398 1420 Oremus.

153 1457 186 1526 Ι)
249 1448 378 1510 Oratio.
425 1444 641 1528 Omnipotens
672 1443 929 1508 clementissime
955 1443 1066 1519 Pater,
1090 1445 1184 1506 tuam
1215 1440 1360 1524 omnipo.-

202 1548 343 1612 tentiam
373 1548 540 1631 supplices
570 1547 795 1629 deprecamur,
820 1552 859 1610 ut
885 1545 1059 1609 infundere
1087 1544 1236 1629 digneris
1264 1563 1364 1626 super

199 1643 291 1714 bunc
301 1648 460 1713 famulum
473 1653 568 1712 tuum
584 1650 627 1713 N.
644 1670 741 1734 quem
757 1648 814 1712 tuo
828 1655 1066 1730 'servorumque
1081 1652 1214 1711 tuorum
1226 1645 1362 1709 servitio

204 1752 440 1835 mancipamus,
460 1750 620 1835 Spiritum
644 1751 814 1835 sapientiae
832 1757 866 1814 et
880 1749 1120 1835 intelligentia,
1136 1747 1363 1817 discretionis·

151 1865 156 1915 ξ
202 1875 279 1936 que.
329 1852 426 1915 Dona
448 1853 478 1915 ei
502 1853 552 1916 ita
575 1853 690 1917 sancto
714 1853 810 1938 gregi
837 1858 894 1916 tuo
917 1873 1060 1937 praecsse
1088 1855 1123 1916 et
1144 1851 1305 1936 prodesse
1332 1856 1365 1915 et

200 1958 389 2041 injunctum
408 1957 470 2020 sibi
486 1958 621 2021 abbatis
639 1958 780 2021 officium
798 1956 868 2021 suis
891 1957 1096 2042 temporibus
1119 1956 1362 2033 administrare,

200 2066 244 2124 ut
274 2060 337 2124 tibi
366 2059 499 2142 placere
529 2060 641 2124 valeat
668 2067 702 2124 ct
725 2060 907 2124 utilitatem
935 2080 1107 2124 servorum
1138 2058 1300 2145 [tuorum]
1329 2057 1363 2125 te
1427 2098 1430 2103 ·

200 2162 400 2246 auxiliante,
430 2163 672 2247 perfectissime
706 2163 864 2246 expleat;
896 2168 1033 2248 propter
1062 2163 1148 2246 quod
1181 2163 1237 2226 bic
1267 2168 1303 2227 et
1332 2163 1365 2227 in

204 2266 319 2329 futuro
347 2266 465 2329 saeculo
489 2266 674 2329 mercedem
699 2263 825 2329 laboris
851 2266 902 2329 sui
925 2265 960 2328 in
984 2264 1151 2328 consortio
1177 2271 1368 2330 sanctorum

197 2372 337 2431 tuorum
353 2373 422 2432 ate
437 2368 587 2451 piissimo
603 2366 765 2451 largitore
782 2367 954 2450 percipiat.
999 2367 1065 2430 Per
1078 2366 1268 2443 Dominum,
1283 2370 1339 2433 &a

161 2488 207 2553 E:
251 2470 353 2545 Deua,
370 2468 481 2532 lumen
498 2476 668 2546 aeternum,
684 2470 741 2553 qui
762 2469 931 2534 illuminas
945 2489 1074 2533 omnem
1096 2469 1262 2533 hominem
1279 2471 1368 2534 veni·

197 2578 320 2636 entem
336 2572 370 2636 in
386 2572 473 2634 hunc
489 2572 658 2648 mundum,
674 2572 886 2655 majestatem
902 2579 993 2636 tuam
1010 2592 1084 2636 cum
1099 2571 1188 2635 omni
1203 2573 1369 2657 supplica·

197 2676 299 2740 -tione
315 2674 533 2757 deposcimus,
550 2681 588 2739 ut
610 2676 697 2738 hunc
719 2674 880 2738 famulum
904 2679 998 2738 tuum
1014 2674 1059 2739 Nc
1083 2673 1149 2757 qui,
1166 2685 1199 2738 te
1222 2680 1369 2753 auctore,

199 2799 268 2864 ⁴per
291 2798 409 2840 manus
436 2783 556 2841 nostrae
585 2777 841 2862 impositionem,
866 2779 970 2842 abbas
995 2781 1030 2840 et
1053 2782 1170 2860 pastor
1194 2777 1369 2843 ordinatur

207 2881 402 2954 animarum,
418 2885 477 2943 tua
492 2880 669 2965 multiplici
690 2881 918 2944 benedictione
940 2878 1135 2944 confirmare
1158 2879 1318 2964 digneris,
1334 2886 1369 2946 et

203 2982 373 3046 infusione
396 2982 511 3065 gratiae
535 2988 599 3047 tuae
620 2983 764 3048 animam
788 2983 861 3065 ejus
877 2987 911 3046 et
925 3003 1045 3067 corpus
1059 2981 1251 3067 perfundar,
1266 2988 1307 3048 ut
1328 2985 1371 3049 ab

208 3083 297 3147 omni
312 3103 437 3145 veneno
453 3085 581 3167 peccati
602 3086 809 3161 emundatus,
825 3084 879 3148 hic
898 3084 982 3149 etin
1003 3088 1161 3148 aeternum
1176 3088 1238 3149 tua
1251 3088 1368 3169 poten·

199 3185 339 3249 tissima
364 3184 503 3250 dextera
526 3186 676 3250 benedici
698 3191 876 3252 mereatur.
921 3187 985 3253 Per
1010 3185 1188 3252 Dominum
1213 3191 1365 3254 nostrum

203 3288 324 3354 desum
341 3285 508 3354 Christum
524 3288 646 3355 Filium
661 3293 756 3357 tuum
770 3290 830 3356 &a
