2940 4996
624 414 973 500 Consecrotioltepis.
1004 497 1005 501 Ἰ

536 867 862 948 [CONSECRATIO
884 869 1042 957 REGIS]

247 1091 361 1168 Incipit
384 1092 554 1149 consecratio
580 1092 664 1168 repis,
689 1113 771 1168 quem
795 1093 829 1150 de
857 1103 992 1153 conventu
1018 1095 1162 1154 seniorum
1182 1117 1237 1175 per
1264 1117 1369 1154 monus

207 1188 368 1265 perducant
391 1187 445 1244 [tuo
465 1186 591 1265 episcopi
610 1187 650 1244 ad
670 1187 824 1247 ecclesium.
864 1189 904 1246 Et
925 1189 1014 1248 clerus
1037 1191 1112 1250 tunc
1132 1191 1260 1251 decantet
1282 1194 1373 1252 Anti·

209 1283 342 1359 phonom,
357 1282 464 1339 (isiodus
478 1282 615 1359 episcopis
626 1283 861 1360 proecuncntibus.

252 1378 422 1440 Firmetur
436 1398 557 1439 manus
573 1383 642 1441 tua.

254 1480 369 1545 Gloria
384 1478 486 1543 Patri.

248 1583 419 1642 Peroeaicns
433 1603 481 1639 rec
495 1581 534 1638 oct
548 1580 692 1638 ecclesiam
711 1591 872 1660 prosternat
885 1605 913 1642 se
926 1605 1021 1644 coram
1036 1587 1136 1660 attare,
1150 1596 1175 1647 et
1189 1590 1369 1668 hymnizetur

207 1681 249 1739 'Pe
259 1680 353 1738 Deum
362 1678 522 1748 laudamur,
532 1677 573 1736 Te
582 1676 934 1738 Dominumconfitemur.
967 1679 1366 1763 Quofinctcnustymnicoto,

207 1796 256 1833 rea
269 1774 397 1849 eripatnr
411 1773 523 1843 desolo,
541 1780 565 1830 ct
579 1773 614 1829 ab
634 1773 780 1851 episcopia,
793 1781 818 1831 ct
832 1794 851 1830 o
862 1775 940 1850 plebe
959 1776 1067 1848 clectus,
1083 1778 1140 1836 toec
1153 1780 1214 1836 trio
1233 1801 1262 1838 se
1275 1802 1368 1840 aemo-

209 1878 305 1927 turum
313 1870 385 1944 juro
399 1869 555 1945 promittat,
571 1875 596 1925 et
610 1867 690 1925 clara
705 1889 768 1926 oocc
782 1890 878 1927 coram
890 1870 952 1928 Deo
966 1873 1099 1949 omnique
1109 1874 1217 1952 populo
1230 1876 1321 1934 dicat.

250 1968 331 2030 Haee
360 1966 426 2030 tria
456 1965 580 2049 populo
610 1964 803 2029 Christiano
834 1970 869 2029 et
897 1967 979 2030 mihi
1010 1969 1145 2034 subdito
1173 1970 1208 2033 in
1240 1971 1368 2038 Christi

206 2070 365 2155 promitto
381 2067 525 2131 nomine.
931 2068 934 2074 ’

248 2174 288 2237 In
313 2171 439 2256 primis,
464 2176 502 2233 ut
526 2169 680 2235 Ecclesia
701 2169 764 2233 Dei
792 2176 826 2234 et
851 2171 958 2235 omnis
981 2174 1126 2258 populus
1150 2174 1367 2243 Christianus

202 2297 315 2339 veram
331 2295 445 2358 pacem
462 2279 578 2336 nostro
596 2273 735 2336 arbitrio
752 2273 787 2334 in
803 2274 892 2336 omni
908 2279 1059 2360 tempore
1076 2281 1198 2342 servet.

249 2379 360 2454 Aliud,
373 2385 411 2441 ut
426 2377 630 2461 rapacitates
646 2382 679 2441 et
692 2397 806 2440 omnes
822 2376 1019 2462 iniquitates
1035 2381 1189 2445 omnibus
1204 2383 1366 2468 gradibus

206 2482 413 2546 interdicam.

248 2585 410 2659 Tertium,
424 2588 463 2647 ut
477 2581 511 2645 in
528 2581 680 2645 omnibus
692 2581 828 2664 judiciis
845 2584 1034 2668 aequitatem
1051 2591 1086 2650 et
1099 2586 1363 2654 misericordiam

204 2689 402 2774 praecipiam,
426 2691 464 2750 ut
490 2685 572 2748 mihi
599 2690 633 2748 et
657 2686 751 2749 vobis
777 2686 953 2773 indulgeat
979 2709 1071 2752 suam
1099 2690 1362 2756 misericordiam

204 2792 350 2856 clemens
367 2795 401 2852 et
415 2789 606 2851 misericors
621 2788 724 2864 Deus,
741 2789 799 2872 qui
814 2789 899 2854 vivit
913 2796 947 2855 et
962 2796 1093 2876 regnat.

241 2894 301 2951 His
307 2892 442 2970 peractis,
452 2912 545 2949 omnes
559 2891 658 2948 dicant
672 2891 780 2961 Amen,
793 2898 819 2949 ct
829 2892 871 2949 tce
883 2901 1037 2970 sequantur
1046 2895 1197 2968 orationes,
1208 2917 1226 2954 o
1237 2897 1361 2974 singulis

203 2987 340 3068 episcopis
353 2984 473 3061 sinpnlae
487 3006 571 3061 super
584 3006 675 3060 repom
688 2985 823 3043 dicendoe.

245 3086 292 3148 Te
319 3085 522 3157 invocamus,
546 3081 699 3158 Domine,
722 3087 838 3145 sancte
865 3083 976 3160 Pater,
1000 3085 1210 3171 omnipotens
1233 3093 1357 3167 aeterne

201 3190 303 3264 Deus,
327 3192 365 3251 ut
387 3187 474 3249 huno
500 3183 661 3248 famulum
683 3189 778 3248 tuum
801 3184 850 3249 ill.
874 3208 971 3271 quem
999 3193 1063 3252 tuae
1086 3188 1204 3254 divinae
1227 3191 1361 3276 dispen-

201 3291 341 3357 sationis
372 3286 583 3372 providentia
616 3286 651 3348 in
681 3286 863 3369 primordio
897 3286 1099 3373 plasmatum
1133 3313 1240 3376 usque
1270 3295 1359 3359 hunc

201 3399 397 3480 praesentem
414 3391 499 3454 diem
519 3388 663 3472 juvenili
686 3390 768 3452 flore
788 3389 955 3455 laetantem
980 3413 1129 3457 crescere
1152 3397 1360 3476 concessisti,

201 3520 274 3561 eum
292 3502 356 3560 tuae
373 3492 512 3578 pietatis
527 3492 612 3555 dono
628 3491 782 3567 ditatum,
799 3491 1000 3576 plenumque
1023 3497 1135 3580 gratia
1149 3498 1306 3564 veritatis
1321 3500 1362 3564 de

199 3603 252 3665 die
283 3601 317 3661 in
349 3599 435 3661 diem
466 3616 577 3659 coram
605 3593 676 3658 Deo
707 3600 740 3658 et
766 3595 956 3659 hominibus
986 3596 1029 3660 ad
1058 3598 1197 3663 meliora
1227 3621 1359 3688 semper

200 3705 360 3789 proficere
383 3699 559 3774 fascinant
581 3698 703 3762 summi
726 3698 900 3782 regiminis
923 3699 1044 3763 solium
1067 3703 1185 3786 gratiae
1208 3724 1359 3791 superna

199 3807 359 3891 largitate
401 3803 551 3888 gaudens
579 3799 750 3884 suscipiat,
777 3805 812 3864 et
835 3801 1069 3867 misericordia
1099 3809 1163 3870 tuae
1189 3828 1285 3873 muro
1315 3811 1358 3874 ab

198 3911 345 3974 hostium
362 3905 567 3971 adversitate
583 3904 727 3988 undique
743 3903 904 3981 munitus,
920 3905 1050 3989 plebem
1068 3907 1130 3971 sibi
1147 3910 1356 3978 commissam

198 4033 272 4076 cum
298 4031 379 4095 pace
404 4007 654 4094 propitiationis
681 4011 717 4070 et
741 4007 867 4070 virtute
897 4007 1043 4073 victoriae
1068 4009 1215 4076 feliciter
1240 4033 1356 4101 regere

198 4119 378 4188 mereatur,
394 4133 454 4195 per
469 4109 649 4174 Dominum
664 4113 816 4172 nostrum
833 4108 854 4172 J
857 4129 960 4173 esum.

236 4216 427 4276 Ahmm

239 4315 342 4387 Deus,
358 4311 412 4394 qui
430 4308 562 4394 populis
577 4307 646 4370 tuis
661 4308 786 4372 virtute
803 4309 961 4386 consutis,
978 4314 1012 4375 et
1034 4332 1148 4375 amore
1163 4313 1354 4390 dominaris,
