2940 4996
409 409 629 472 Consecratio
645 409 773 472 altaria
789 412 860 473 cine
876 409 1044 473 Ecclesia.
1237 403 1299 466 115

139 611 1304 769 Q

140 801 212 864 haec
237 810 290 868 est
313 805 431 870 domus
467 806 532 871 De·
548 808 574 870 -i
616 809 651 871 in
673 831 738 892 qua
757 810 976 872 in-vo-ce-tur
997 829 1116 871 nomen
1139 806 1236 889 e-jus
1261 803 1301 866 de

142 965 1301 980 mm

141 1000 1303 1120 W

138 1168 208 1231 qua
237 1151 411 1234 scrip-tum
443 1159 497 1216 est
526 1157 561 1217 et
589 1154 685 1218 e-rit
716 1174 849 1216 no-men
882 1174 1022 1216 me-um
1053 1151 1141 1214 i-bi
1187 1149 1303 1213 di-cit

142 1318 441 1443 ss

142 1456 194 1520 Do
209 1459 385 1523 -mi-nus.
692 1533 693 1536 Ἴ

553 1625 908 1739 ffit

184 1769 230 1832 In
249 1779 394 1851 ternpore
409 1771 588 1846 Pesctcli
606 1771 639 1834 al
656 1809 668 1818 -
685 1771 716 1834 le
733 1808 746 1821 -
762 1771 867 1855 lu-ya.

232 1936 817 2043 Q

186 2099 246 2162 Pe.
291 2098 341 2162 De
359 2136 371 2146 -
388 2119 428 2161 us
445 2103 559 2162 noster
572 2119 609 2161 re
625 2135 639 2148 ·
654 2097 796 2182 fugium.

190 2202 341 2266 Oremus.

191 2306 323 2370 Oratio.
370 2301 547 2387 Singulare
562 2303 847 2386 propitiatorium,
863 2303 920 2385 qui
936 2307 971 2366 te
988 2304 1021 2366 in
1039 2324 1099 2368 ara
1115 2302 1222 2367 crucis
1245 2323 1305 2385 pro

142 2407 241 2472 nobis
257 2406 457 2470 redimendis
481 2405 634 2470 obtulisti
656 2405 903 2481 immolandum,
921 2406 1016 2489 cujus
1039 2407 1306 2492 praefiguratione

141 2511 336 2596 patriarcha
358 2509 462 2573 Jacob
486 2509 630 2592 lapidem
654 2509 763 2572 erexit
785 2509 819 2571 in
838 2509 975 2572 titulum
998 2532 1063 2593 quo
1087 2511 1182 2574 fieret
1205 2510 1304 2574 sacri-

141 2615 264 2689 ficium,
276 2618 310 2676 et
319 2617 421 2697 portae
431 2612 504 2676 coeli
513 2612 657 2694 desuper
667 2612 879 2695 aperirentur
889 2613 1112 2676 exauditionis
1123 2612 1304 2688 oraculum

143 2716 342 2803 suppliciter
356 2715 429 2792 tibi,
445 2714 597 2791 Domine,
613 2735 730 2799 preces
752 2714 932 2791 fundimus,
948 2722 986 2779 ut
1002 2717 1103 2798 hujus
1119 2715 1237 2780 altaris
1253 2738 1309 2778 ex·

143 2820 284 2905 politam
308 2817 482 2881 materiem
510 2817 663 2900 supernis
696 2817 869 2880 sacrificiis
896 2817 1117 2894 imbuendam,
1142 2819 1214 2901 ipse
1245 2823 1310 2881 tuae

141 2922 252 2987 dotari
266 2920 539 2984 sanctificationis
552 2921 706 2982 ubertate
719 2920 903 3002 praecipias,
915 2921 971 3003 qui
985 2922 1150 3004 quondam
1165 2921 1307 3006 lapideis

142 3030 253 3113 legem
270 3025 435 3110 scripsisti
451 3026 486 3088 in
509 3025 645 3089 tabulis.
691 3024 754 3108 Qui
777 3046 849 3088 cum
867 3026 966 3090 Patre
983 3033 1017 3090 et
1042 3026 1168 3111 Spiritu
1186 3027 1308 3090 Sancto

143 3132 232 3196 vivis
248 3135 282 3193 et
297 3149 419 3213 regnas
435 3127 527 3191 Deus
543 3148 604 3212 per
620 3128 732 3191 omnia
749 3127 868 3192 saecula
884 3127 1090 3191 saeculorum.

191 3234 355 3316 Sequitur
372 3233 561 3295 benedictio
577 3233 719 3295 incensi.

146 3360 222 3402 cum
238 3333 400 3399 Dominus
416 3334 597 3396 vobiscum.
644 3334 795 3396 Oremus.

193 3440 325 3504 Oratio.
369 3436 510 3500 Domine
527 3436 747 3520 omnipotens,
761 3434 813 3498 cui
828 3439 919 3498 astat
931 3436 1096 3500 exercitus
1111 3435 1305 3521 angelorum

145 3565 222 3608 cum
248 3546 402 3615 tremore,
430 3560 571 3622 quorum
603 3539 776 3602 servitium
804 3538 979 3623 spirituale
1006 3544 1041 3603 et
1070 3539 1204 3624 igneum
1234 3560 1308 3602 esse

143 3644 377 3729 cognoscitur3
394 3643 534 3727 dignare
546 3642 714 3726 respicere
725 3647 760 3704 et
771 3640 1004 3718 beneffidicere
1015 3645 1050 3704 et
1060 3643 1306 3724 sanctifflficare

145 3751 234 3812 hanc
244 3752 432 3810 creaturam
444 3746 553 3809 thuris
566 3745 639 3828 (cel
649 3744 790 3828 incensi)
804 3750 841 3807 ut
852 3765 967 3807 omnes
977 3744 1157 3828 languores
1168 3751 1308 3808 cunctae-

147 3873 212 3937 que
223 3850 348 3913 insidiae
361 3849 485 3911 inimici
498 3849 597 3912 odore
610 3847 682 3930 ejus
695 3853 859 3931 praecepto
871 3853 929 3910 tuo
941 3847 1098 3932 fugentur
1113 3869 1134 3910 a
1144 3847 1309 3930 plasmate

147 3964 218 4030 tu0,
243 3953 331 4037 quod
357 3953 503 4036 pretioso
526 3950 603 4014 Filii
626 3951 676 4014 tui
702 3951 864 4034 sanguine
890 3950 1071 4014 redemisti.
1116 3951 1178 4035 Qui
1201 3958 1311 4017 tecum

147 4057 235 4121 vivit
256 4059 292 4119 et
312 4061 433 4139 regnat
456 4056 490 4118 in
514 4054 643 4117 unitate
670 4053 815 4138 Spiritus
840 4053 953 4118 Sancti
976 4074 1036 4138 per
1058 4056 1168 4119 omnia
1191 4055 1311 4120 saecula

151 4157 359 4235 saeculorum.

190 4264 232 4322 Et
245 4261 343 4338 faciat
367 4281 475 4319 crncern
500 4259 692 4338 thurificando
717 4279 780 4317 cnm
804 4259 925 4330 incense,
948 4259 1064 4338 desuper
1086 4262 1185 4336 citare,
1206 4262 1313 4320 dicente

150 4356 247 4416 sclicla
261 4355 461 4432 antiphonam.

245 4453 309 4517 14*
