2940 4996
159 418 222 478 188
479 423 738 484 Benedictiones
756 417 991 500 Episcopoles.

196 622 219 683 I
219 645 237 681 n
242 623 317 699 feam
333 623 363 682 S,
380 624 536 682 Michaelis
547 625 720 700 archangeli.

196 804 379 890 Multiplici
405 827 465 868 vos
491 806 655 870 Dominus
678 806 910 871 benedictione
933 803 1129 888 locupletet,
1152 800 1209 885 qui
1235 800 1309 863 soll-

156 909 318 973 emnitate
357 909 519 993 principis
556 909 838 994 archangelorum
875 908 1000 971 mundo
1037 905 1163 992 gaudia
1201 905 1311 967 infert.

154 1015 273 1075 Amen.

199 1113 245 1178 Et
260 1114 317 1197 qui
341 1114 473 1177 devicto
497 1114 662 1179 hodierna
685 1115 738 1178 die
755 1115 852 1179 hoste
878 1115 1017 1197 antiquo
1040 1113 1242 1197 triumphat,
1259 1132 1315 1173 suo

153 1216 349 1279 interventu
372 1217 546 1280 molimina
569 1217 718 1299 ejusdem
746 1217 901 1281 draconis
929 1237 1089 1299 superare
1117 1237 1179 1280 vos
1202 1214 1312 1278 faciat.

157 1322 274 1383 Amen.

199 1422 372 1506 Quatenus
396 1422 436 1485 de
460 1422 637 1486 animabus
660 1423 784 1485 vestris
807 1421 958 1486 coelestia
979 1421 1074 1485 lucra
1097 1424 1262 1504 reportet,
1283 1425 1316 1479 et

155 1525 353 1610 hymnidicis
377 1525 575 1611 angelorum
592 1525 703 1589 choris
727 1531 891 1613 perpetua
914 1547 974 1588 vos
990 1523 1222 1588 exsultatione
1244 1544 1317 1585 con-

158 1628 274 1692 sooiet.
320 1630 437 1691 Amen.

198 1731 292 1815 Quod
308 1732 390 1817 ipse.

194 1915 316 1993 Inferio
334 1916 543 1994 Reliquiaram.
584 1917 759 1975 Benedictio.

198 2098 301 2174 Deus,
325 2099 421 2181 cujus
444 2099 624 2182 prudentia
646 2100 796 2181 pretiosa
818 2119 909 2162 mors
933 2101 1124 2162 sanctorum
1148 2099 1242 2160 faeta
1265 2103 1317 2158 est

156 2203 424 2268 immortalitatis
450 2203 595 2279 initium,
618 2203 748 2266 tribuat
774 2203 869 2266 vobis
892 2201 986 2266 illius
1012 2202 1089 2266 vitae
1112 2200 1315 2264 desiderium

156 2311 296 2370 cunctas
311 2306 482 2388 despicere
498 2306 676 2369 illecebras
692 2305 865 2369 fallacium
880 2305 1090 2390 gaudiorum.
1135 2309 1257 2368 Amen.

200 2409 329 2492 Quique
347 2415 538 2473 sanctorum
556 2428 692 2470 suorum
705 2407 859 2491 reliquiis
874 2428 938 2471 nos
949 2407 983 2470 in
995 2407 1168 2470 hodiernis
1182 2406 1315 2489 sollem-

156 2512 221 2574 niis
245 2510 450 2587 oonsolatur‚
468 2513 615 2594 ipsorum
632 2511 896 2596 suffragantibus
919 2510 1060 2587 meritis,
1076 2511 1173 2575 vobis
1196 2512 1313 2596 gratiae

158 2636 225 2678 suae
242 2615 446 2678 affluentiam
463 2613 640 2698 largiatur.
686 2616 804 2678 Amen.

200 2718 271 2802 Quo
303 2720 452 2802 ipsorum
486 2720 588 2782 vitam
620 2739 681 2800 pro
711 2718 840 2782 viribus
871 2718 1044 2782 imitantes
1075 2723 1111 2781 et
1142 2718 1316 2803 suffragiis

156 2821 274 2902 adjuti,
288 2823 469 2886 eorundem
482 2821 751 2886 indeficientibus
766 2821 899 2906 gaudiis
911 2820 1103 2885 mereamini
1121 2822 1315 2904 perenniter

157 2925 290 2989 sociari.
334 2927 454 2990 Amen.

197 3111 238 3170 In
252 3112 300 3170 elie
316 3111 455 3170 oninium
468 3111 649 3171 Sanctorum.

200 3291 382 3354 Benedicat
412 3311 472 3354 vos
500 3290 711 3374 omnipotens
741 3288 833 3353 Deus
860 3309 919 3373 per
945 3289 1090 3353 omnium
1122 3296 1314 3356 sanctorum

156 3393 434 3476 gloriosissimam
456 3393 740 3469 intercessionem,
765 3398 800 3456 et
823 3399 970 3456 vestram
995 3392 1222 3475 placidissime
1245 3396 1317 3480 dig-

156 3503 257 3559 netur
274 3498 443 3580 suscipere
459 3495 682 3558 humillimam
700 3495 923 3559 devotionem.
969 3497 1086 3557 Amen.

200 3599 246 3663 Et
269 3619 409 3682 quorum
432 3599 466 3660 in
483 3599 585 3661 terris
608 3598 706 3662 corde
731 3598 862 3662 sincero
885 3598 1115 3663 felicissimum
1138 3598 1319 3665 celebratis

155 3704 373 3786 triumphum,
401 3702 485 3785 ipsis
512 3701 757 3784 opitulantibus
784 3703 826 3765 ad
857 3723 972 3765 eorum
999 3702 1034 3764 in
1061 3701 1154 3765 coelis
1180 3705 1317 3787 perduci

156 3805 351 3868 mereamini
367 3805 588 3869 desiderabile
605 3807 819 3869 consortium.
864 3806 982 3869 Amen.

200 3907 372 3991 Quatenus
398 3909 525 3973 terreni
549 3908 695 3994 contagii
719 3909 860 3974 maculis
883 3907 1066 3984 emundati,
1089 3929 1129 3972 ac
1152 3909 1316 3976 virtutum

156 4011 305 4074 omnium
321 4010 534 4075 radiantibus
557 4012 768 4096 lampadibus
783 4012 948 4088 exornati,
965 4016 1001 4075 et
1024 4010 1217 4076 coelestibus
1241 4036 1318 4079 oon-

150 4113 250 4197 jungi
266 4112 409 4177 valeatis
422 4114 580 4178 decenter
592 4115 791 4200 agminibus,
804 4118 838 4179 et
850 4114 996 4179 venienti
1009 4133 1132 4196 sponso
1144 4136 1317 4181 occurrere

157 4237 230 4277 cum
247 4216 408 4278 bonorum
425 4237 562 4299 operum
578 4217 787 4302 fulgentibus
803 4216 1033 4281 luminaribus.
1078 4220 1199 4284 Amen.

198 4319 292 4402 Quod
308 4319 391 4401 ipse.
