2940 4996
531 407 788 471 Benedictionea
811 407 935 469 Varioe.

710 694 753 757 V.

448 877 540 941 BEN
543 876 727 943 EDIOTIO
749 876 1017 942 THURIBULI.

197 1080 298 1155 Deus,
312 1082 353 1144 ad
370 1083 465 1165 cujus
478 1083 667 1166 sepulcrum
684 1104 758 1146 cum
774 1083 992 1156 aromatibus,
1004 1081 1038 1144 in
1055 1081 1166 1166 specie
1183 1086 1309 1144 sancta-

155 1205 227 1244 rum
238 1184 423 1246 animarum
435 1187 578 1249 virtutes
589 1191 780 1249 sanctorum
791 1205 928 1267 operum
938 1183 1157 1269 gestantium,
1168 1182 1309 1246 diluculo

157 1285 314 1348 mulieres
337 1288 468 1349 venisse
490 1294 728 1364 memorantur,
745 1294 779 1352 ct
801 1287 835 1350 in
857 1288 954 1370 cujus
976 1293 1158 1370 conspectu
1175 1283 1315 1371 angelus

157 1408 294 1450 aureum
311 1390 438 1452 liabens
454 1390 661 1453 thuribulum
679 1390 825 1465 stetisse,
843 1397 877 1454 et
893 1390 982 1453 datis
997 1389 1143 1452 incensis
1159 1388 1201 1451 de
1218 1390 1314 1452 orati·
1393 1462 1395 1464 ,

158 1490 277 1552 onibus
301 1497 490 1555 sanctorum
515 1493 661 1555 omnium
685 1499 764 1556 ante
788 1493 945 1556 thronum
966 1490 1100 1555 Domini
1128 1490 1312 1555 adolevisse

157 1590 282 1654 coelesti
295 1593 422 1655 visione
435 1593 647 1678 divulgatum
670 1593 787 1657 adesto
800 1594 976 1677 propitius,
988 1600 1023 1656 et
1035 1593 1096 1655 hoc
1109 1592 1311 1656 thuribulum

159 1692 283 1755 eoelesti
300 1694 527 1758 benedictione
543 1688 713 1780 perfunde,
726 1701 765 1759 ut
779 1696 966 1779 quicunque
976 1716 1016 1757 ex
1032 1716 1072 1757 eo
1087 1694 1313 1778 thymiamatis

159 1794 210 1855 vel
234 1796 343 1858 thuris
367 1796 586 1881 fragrantiam
616 1797 792 1872 senserint,
815 1802 876 1860 tua
898 1797 1044 1860 donante
1067 1797 1233 1861 immensa
1254 1797 1314 1860 cle·

158 1897 292 1971 mentia,
319 1899 439 1961 odores
469 1901 658 1963 orationum
685 1906 764 1963 ante
791 1904 1004 1983 conspectum
1033 1899 1225 1981 majestatis
1250 1905 1311 1962 tuse

157 2007 344 2063 sanctarum
368 2023 428 2084 per
451 1986 569 2064 manus
593 2009 784 2066 sanctorum
809 2002 964 2065 emittant
987 2000 1184 2085 angelorum
1212 2007 1309 2086 atque

159 2102 360 2182 persolvant,
383 2125 443 2188 per
470 2109 515 2179 te,
539 2105 622 2168 Jesu'
648 2105 791 2180 Christe,
816 2104 871 2188 qui
899 2125 973 2168 cum
1001 2105 1101 2168 Patre
1128 2110 1164 2167 et
1189 2104 1311 2189 Spiritu

163 2204 293 2266 Sancto.

708 2375 770 2439 VI.

166 2543 447 2609 BENEDIOTIO
470 2546 532 2610 AD
556 2544 836 2610 GENERALEM
861 2544 1053 2611 CULTUM
1075 2545 1311 2614 EOOLESIAE.

202 2717 303 2791 Deua,
328 2717 384 2800 qui
407 2717 541 2781 diversa
563 2717 604 2780 ad
628 2717 880 2781 tabernaculum
904 2717 1037 2780 foederis
1062 2727 1261 2784 ornamenta
1282 2721 1310 2782 in

159 2819 377 2883 sacerdotalis
393 2820 534 2883 officium
550 2819 729 2883 ministerii
746 2841 803 2883 ore
827 2820 962 2904 proprio
978 2820 1052 2883 fieri
1067 2823 1267 2906 praecepisti,
1281 2830 1311 2887 te

157 2922 273 2984 humili
291 2943 386 3005 prece
403 2923 624 3005 deposcimus,
640 2929 678 2986 ut
700 2922 768 2984 haec
791 2923 994 2986 vestimenta
1016 2928 1051 2986 et
1073 2923 1143 2987 haec
1165 2945 1258 3000 vasa,
1273 2924 1310 2989 ad

162 3031 314 3088 ornatum
341 3031 375 3087 et
395 3024 438 3087 ad
458 3025 680 3087 ministerium
705 3029 827 3086 sanctae
851 3024 999 3088 ecclcsiae
1026 3030 1091 3088 tuae
1118 3033 1312 3109 praeparata,

159 3128 219 3190 illa
242 3128 469 3190 benedictione
491 3127 681 3210 perfundas,
704 3147 771 3209 qua
793 3126 872 3188 olim
897 3146 958 3209 per
979 3147 1098 3190 manus
1122 3120 1312 3192 sanctorum

161 3230 370 3292 sacerdotum
386 3229 544 3292 utensilia
559 3227 766 3292 tabernaculi
784 3227 856 3290 oleo
873 3228 1041 3291 unctionis
1056 3230 1257 3312 perfudisti3
1280 3236 1312 3293 ut

160 3333 347 3414 quicunque
364 3331 435 3413 jam
458 3332 490 3392 in
516 3337 575 3394 tua
598 3328 786 3414 apostolica
808 3329 951 3392 ecclesia
973 3330 1027 3391 his
1050 3330 1103 3392 usi
1126 3331 1265 3409 fuerint,
1282 3341 1310 3396 te

157 3437 338 3498 miserante
356 3435 486 3498 veniam
502 3440 712 3518 peccatorum
729 3437 763 3494 et
778 3432 901 3515 gaudia
916 3439 1172 3515 permereantur
1186 3437 1309 3521 percip-

161 3558 216 3599 ere
234 3537 447 3620 sempiterna.
493 3536 558 3598 Per
572 3534 761 3599 Dominum.
