2940 4996
560 408 757 471 Benedictio
773 410 924 492 Reginos.
1253 412 1317 474 223
1418 362 1421 368 ·

164 609 215 671 sui
239 611 444 674 consortium
462 612 639 677 *transire
662 613 783 691 fecisti,
801 616 850 679 ita
872 616 957 679 hanc
979 615 1137 680 famulam
1161 621 1254 681 tuam
1276 617 1320 681 N.

161 712 366 777 humilitatis
404 722 525 778 nostrae
559 717 788 781 benedictione
827 717 1026 782 Christianae
1064 717 1173 802 plebis
1210 720 1322 804 gratia

163 813 285 879 salutis
302 818 344 880 ad
359 815 494 902 dignam
519 818 762 902 sublimemque
785 821 876 905 regis
891 821 998 884 nostri
1022 822 1175 906 copulam
1191 822 1320 886 miscri-

161 918 307 981 corditer
319 921 464 983 transire
480 922 702 997 consedeant
717 923 750 984 in
767 923 874 1007 regali
885 923 1009 988 foedere
1025 925 1173 1010 conjugii
1190 946 1322 1009 semper

159 1039 300 1083 manens
333 1023 463 1106 pudica,
495 1025 680 1107 proximam
712 1026 898 1108 virginitati
932 1027 1076 1111 palmam
1108 1029 1319 1093 continentiae

162 1122 313 1185 obtinere
330 1130 449 1207 queat3
473 1127 600 1210 tibique
617 1126 687 1190 Deo
708 1128 784 1191 vivo
800 1133 835 1191 et
849 1151 928 1192 vero
944 1131 979 1192 in
1002 1131 1155 1194 omnibus
1171 1136 1205 1194 et
1222 1152 1322 1216 super

161 1225 273 1289 omnia
294 1227 425 1311 jugiter
451 1229 583 1313 placere
610 1232 789 1308 desideret,
815 1237 849 1296 et
875 1238 908 1296 te
936 1234 1132 1317 inspirante,
1160 1256 1231 1317 quae
1257 1236 1319 1300 tibi

162 1328 289 1412 placita
304 1336 382 1394 sunt
398 1336 470 1395 toto
486 1334 584 1397 corde
600 1334 762 1419 perficiat.
809 1335 874 1398 Per
889 1334 1078 1420 Dominum.

201 1431 276 1489 Item
285 1441 350 1510 post
364 1434 445 1504 bunc,
462 1436 495 1492 in
508 1437 586 1493 socri
599 1437 654 1493 olei
666 1438 796 1495 unctione
808 1445 942 1514 sequatur
955 1439 1012 1496 boec
1026 1439 1126 1497 oratio.

207 1527 353 1612 Spiritus
379 1527 500 1595 'Sancti
534 1532 656 1614 gratia,
687 1533 890 1597 humilitatis
924 1538 1046 1598 nostrae
1080 1534 1187 1597 officio
1220 1533 1255 1598 in
1286 1539 1319 1599 te

161 1631 298 1716 copiosa
326 1634 516 1710 descendat,
544 1640 582 1699 ut
611 1635 700 1700 sicut
728 1635 883 1700 manibus
913 1638 1040 1701 nostris
1070 1637 1216 1722 indignis
1246 1637 1320 1703 oleo

161 1735 327 1798 materiali
343 1736 447 1800 oblita
462 1738 654 1822 pinguescis
670 1739 828 1814 exterius,
841 1740 891 1803 ita
907 1740 980 1821 ejus
996 1739 1157 1804 invisibili
1172 1741 1319 1824 unguine

156 1836 306 1903 delibuta
350 1839 552 1924 impinguari
590 1842 752 1905 merearis
796 1841 949 1918 interius,
988 1843 1126 1926 ejusque
1174 1844 1319 1927 spiritali

161 1942 317 2005 unctione
343 1943 587 2027 perfectissime
616 1965 746 2028 semper
773 1944 911 2020 imbuta,
939 1950 972 2009 et
1003 1945 1122 2010 illicita
1151 1946 1319 2012 declinare

162 2048 235 2108 tota
249 2051 361 2109 mente
378 2050 412 2109 et
428 2067 585 2130 spernere
600 2047 710 2110 discas
728 2068 787 2111 seu
811 2048 936 2123 valeas,
953 2052 987 2112 et
1002 2047 1101 2111 utilia
1122 2049 1238 2112 animae
1255 2054 1319 2113 tuae

159 2146 288 2232 jugiter
310 2148 468 2232 cogitare,
492 2155 620 2233 optare,
637 2156 737 2232 atque
760 2150 893 2235 operari
916 2170 1029 2232 queas,
1046 2149 1231 2215 auxiliante
1253 2151 1321 2215 Do-

163 2252 253 2315 mino
268 2256 384 2316 nostro
399 2253 420 2317 J
423 2274 482 2317 esu
499 2252 645 2317 Christo.
690 2253 753 2338 Qui
770 2276 843 2318 cum
860 2253 931 2317 Deo
946 2253 1057 2317 Patre.

201 2355 261 2413 Hic
274 2364 400 2431 ungatur
413 2356 469 2413 oleo
483 2365 586 2414 sancto.

205 2450 246 2514 In
260 2452 392 2515 nomine
411 2452 524 2516 Patris
540 2458 575 2517 et
596 2453 674 2515 Filii
691 2457 726 2516 et
749 2452 894 2538 Spiritus
916 2452 1030 2516 Sancti
1045 2452 1154 2536 prosit
1175 2452 1237 2517 tibi
1252 2454 1320 2519 haec

161 2555 274 2619 unctio
294 2555 358 2619 olei
374 2556 408 2619 in
431 2557 589 2622 honorem
607 2561 640 2620 et
663 2556 947 2620 confirmationem
969 2560 1127 2620 aeternam
1148 2555 1183 2619 in
1200 2557 1322 2622 saecula

162 2658 366 2722 saeculorum.
411 2659 526 2722 Amen.

220 2760 439 2844 Omnipotens
470 2763 671 2846 sempiterne
702 2761 804 2837 Deus,
835 2761 1024 2825 affluentem
1060 2761 1221 2846 Spiritum
1252 2768 1318 2827 tuae

158 2864 399 2928 benedictionis
416 2886 516 2949 super
530 2866 690 2930 famulam
705 2871 798 2928 tuam
815 2865 909 2929 nobis
926 2865 1100 2928 orantibus
1116 2866 1319 2950 propitiatus

160 2967 315 3044 infunde;
339 2973 378 3032 ut
394 2991 464 3052 quae
480 2990 539 3051 per
555 2990 672 3032 manus
688 2973 811 3033 nostrae
827 2968 1072 3053 impositionem
1088 2969 1185 3032 hodie
1201 2970 1319 3055 regina

160 3071 360 3148 instituitur,
379 3072 641 3136 sanctificatione
665 3076 725 3135 tua
748 3072 849 3156 digna
871 3077 905 3134 et
928 3070 1036 3136 electa
1058 3077 1320 3154 permanemus

161 3196 330 3258 nunquam
346 3177 557 3260 postmodum
573 3176 613 3238 de
630 3180 689 3241 tua
703 3175 815 3260 gratia
832 3178 1004 3259 separetur
1019 3173 1166 3258 indigna.
1210 3174 1284 3238 Per.

201 3277 262 3336 Hic
277 3279 358 3336 detur
371 3280 504 3336 annulus.
1305 3354 1308 3359 ³

203 3373 326 3457 Accipe
350 3373 509 3438 annulum
536 3373 622 3447 fidei,
648 3371 854 3457 signaculum
879 3370 1091 3446 sinceritatis,
1116 3391 1182 3454 quo
1208 3370 1317 3455 possis

160 3498 275 3542 omnes
312 3477 486 3541 haereticas
519 3477 705 3556 pravitates
739 3476 898 3551 devitare,
933 3479 967 3539 et
999 3474 1161 3537 barbaras
1198 3477 1317 3559 gentes

161 3580 288 3643 virtute
302 3579 362 3644 Dei
380 3597 531 3664 premere
547 3584 581 3642 et
597 3579 639 3641 ad
655 3578 860 3660 agnitionem
875 3576 1030 3641 veritatis
1047 3575 1219 3639 advocare.

203 3682 306 3759 Deus,
323 3683 419 3763 cujus
436 3687 489 3745 est
511 3683 619 3745 omnis
634 3686 785 3766 potestas
808 3685 843 3744 et
864 3679 1023 3764 dignitas,
1040 3679 1084 3742 da
1105 3676 1237 3741 famulae
1252 3681 1318 3741 tuae

159 3787 202 3850 N.
220 3787 316 3870 signo
332 3790 397 3849 tuae
421 3785 494 3849 fidei
511 3807 705 3871 prosperum
726 3805 792 3848 suae
814 3782 989 3868 dignitatis
1012 3783 1177 3858 effectum,
1193 3781 1228 3843 in
1250 3802 1317 3865 qua

161 3891 222 3956 tibi
246 3911 376 3975 semper
396 3891 491 3954 firma
513 3893 656 3966 maneat,
673 3888 801 3971 tibique
821 3885 951 3971 jugiter
972 3885 1104 3972 placere
1128 3885 1317 3949 contendat.

161 3996 234 4058 Per.

160 4187 176 4219 *
194 4186 250 4239 The
268 4183 423 4238 remainder
435 4181 466 4236 of
471 4180 536 4253 ,this
554 4181 625 4235 office
645 4181 668 4233 is
685 4178 768 4233 taken
781 4177 852 4232 from
870 4175 927 4231 MS.
948 4175 1072 4232 Tiberius
1094 4174 1125 4229 B.
1140 4174 1196 4244 viii,
1211 4174 1314 4230 British

159 4276 284 4329 Museum
294 4294 301 4340 ;
321 4273 369 4327 tho
388 4268 532 4324 Pontifical
544 4269 606 4323 osa
624 4267 727 4338 Bishop
745 4265 775 4320 of
790 4265 924 4336 Glasgow,
937 4278 997 4319 saec.
1011 4262 1059 4319 xii.
1072 4260 1141 4317 with
1159 4261 1250 4318 which
1268 4263 1316 4317 tho

161 4370 220 4435 part
232 4362 323 4418 which
336 4357 459 4432 precedes
472 4358 496 4412 is
507 4354 646 4410 identical.
