<?xml version="1.0" encoding="UTF-8"?>
<!DOCTYPE html PUBLIC "-//W3C//DTD XHTML 1.0 Transitional//EN"
    "http://www.w3.org/TR/xhtml1/DTD/xhtml1-transitional.dtd">
<html xmlns="http://www.w3.org/1999/xhtml" xml:lang="en" lang="en">
 <head>
  <title>
</title>
<meta http-equiv="Content-Type" content="text/html;charset=utf-8" />
  <meta name='ocr-system' content='tesseract 3.04.00' />
  <meta name='ocr-capabilities' content='ocr_page ocr_carea ocr_par ocr_line ocrx_word'/>
</head>
<body>
  <div class='ocr_page' id='page_1' title='image "./liberpontifical01baingoog_0262.png"; bbox 0 0 2940 4996; ppageno 0'>
   <div class='ocr_carea' id='block_1_1' title="bbox 520 401 1309 490">
    <p class='ocr_par' dir='ltr' id='par_1_1' title="bbox 520 401 1309 490">
     <span class='ocr_line' id='line_1_1' title="bbox 520 401 1309 490; baseline -0.009 -19"><span class='ocrx_word' id='word_1_1' title='bbox 520 409 738 472; x_wconf 72' lang='lat' dir='ltr'>Consecratib</span> <span class='ocrx_word' id='word_1_2' title='bbox 760 406 950 490; x_wconf 70' lang='lat' dir='ltr'>Vtryiaum.</span> <span class='ocrx_word' id='word_1_3' title='bbox 1243 401 1309 465; x_wconf 82' lang='lat'>209</span> 
     </span>
    </p>
   </div>
   <div class='ocr_carea' id='block_1_2' title="bbox 154 604 1313 2563">
    <p class='ocr_par' dir='ltr' id='par_1_2' title="bbox 158 604 1313 764">
     <span class='ocr_line' id='line_1_2' title="bbox 197 604 1313 692; baseline 0.001 -30"><span class='ocrx_word' id='word_1_4' title='bbox 197 604 256 664; x_wconf 85' lang='lat' dir='ltr'>His</span> <span class='ocrx_word' id='word_1_5' title='bbox 282 609 407 686; x_wconf 77' lang='lat' dir='ltr'>expletis,</span> <span class='ocrx_word' id='word_1_6' title='bbox 435 612 578 673; x_wconf 71' lang='lat' dir='ltr'><strong><em>abbatissa</em></strong></span> <span class='ocrx_word' id='word_1_7' title='bbox 605 613 699 692; x_wconf 82' lang='lat' dir='ltr'>ipsam</span> <span class='ocrx_word' id='word_1_8' title='bbox 721 611 923 691; x_wconf 74' lang='lat' dir='ltr'>professionem</span> <span class='ocrx_word' id='word_1_9' title='bbox 950 609 1075 688; x_wconf 59' lang='lat' dir='ltr'>accubabat</span> <span class='ocrx_word' id='word_1_10' title='bbox 1102 608 1138 666; x_wconf 87' lang='lat' dir='ltr'>ab</span> <span class='ocrx_word' id='word_1_11' title='bbox 1165 606 1265 678; x_wconf 82' lang='lat' dir='ltr'>altari,</span> <span class='ocrx_word' id='word_1_12' title='bbox 1288 615 1313 664; x_wconf 87' lang='lat' dir='ltr'>et</span> 
     </span>
     <span class='ocr_line' id='line_1_3' title="bbox 158 703 447 764; baseline 0.028 -8"><span class='ocrx_word' id='word_1_13' title='bbox 158 703 328 760; x_wconf 79' lang='lat' dir='ltr'>servandam</span> <span class='ocrx_word' id='word_1_14' title='bbox 341 706 447 764; x_wconf 83' lang='lat' dir='ltr'>tradat.</span> 
     </span>
    </p>

    <p class='ocr_par' dir='ltr' id='par_1_3' title="bbox 202 797 1123 877">
     <span class='ocr_line' id='line_1_4' title="bbox 202 797 1123 877; baseline 0.002 -23"><span class='ocrx_word' id='word_1_15' title='bbox 202 797 283 857; x_wconf 83' lang='lat' dir='ltr'>Tuae</span> <span class='ocrx_word' id='word_1_16' title='bbox 293 802 418 877; x_wconf 72' lang='lat' dir='ltr'>prrssessa</span> <span class='ocrx_word' id='word_1_17' title='bbox 431 811 482 861; x_wconf 85' lang='lat' dir='ltr'>stet</span> <span class='ocrx_word' id='word_1_18' title='bbox 495 813 560 862; x_wconf 83' lang='lat' dir='ltr'>aute</span> <span class='ocrx_word' id='word_1_19' title='bbox 574 804 676 875; x_wconf 80' lang='lat' dir='ltr'>altare,</span> <span class='ocrx_word' id='word_1_20' title='bbox 690 811 715 862; x_wconf 87' lang='lat' dir='ltr'>ct</span> <span class='ocrx_word' id='word_1_21' title='bbox 729 803 811 861; x_wconf 77' lang='lat' dir='ltr'>tertio</span> <span class='ocrx_word' id='word_1_22' title='bbox 824 801 904 860; x_wconf 80' lang='lat' dir='ltr'>dicat</span> <span class='ocrx_word' id='word_1_23' title='bbox 917 802 990 860; x_wconf 78' lang='lat' dir='ltr'>bunc</span> <span class='ocrx_word' id='word_1_24' title='bbox 1004 819 1123 858; x_wconf 82' lang='lat' dir='ltr'>uersum.</span> 
     </span>
    </p>

    <p class='ocr_par' dir='ltr' id='par_1_4' title="bbox 159 891 1310 1086">
     <span class='ocr_line' id='line_1_5' title="bbox 201 891 1310 981; baseline -0.002 -25"><span class='ocrx_word' id='word_1_25' title='bbox 201 891 339 979; x_wconf 85' lang='lat' dir='ltr'>Suscipe</span> <span class='ocrx_word' id='word_1_26' title='bbox 362 919 424 973; x_wconf 93' lang='lat' dir='ltr'>me,</span> <span class='ocrx_word' id='word_1_27' title='bbox 441 898 592 974; x_wconf 90' lang='lat' dir='ltr'>Domine,</span> <span class='ocrx_word' id='word_1_28' title='bbox 611 898 792 962; x_wconf 90' lang='lat' dir='ltr'>secundum</span> <span class='ocrx_word' id='word_1_29' title='bbox 816 897 984 981; x_wconf 89' lang='lat' dir='ltr'>eloquium</span> <span class='ocrx_word' id='word_1_30' title='bbox 1007 899 1113 970; x_wconf 88' lang='lat' dir='ltr'>tuum,</span> <span class='ocrx_word' id='word_1_31' title='bbox 1128 896 1166 957; x_wconf 86' lang='lat' dir='ltr'>et</span> <span class='ocrx_word' id='word_1_32' title='bbox 1189 891 1310 969; x_wconf 84' lang='lat' dir='ltr'>vivam,</span> 
     </span>
     <span class='ocr_line' id='line_1_6' title="bbox 159 999 948 1086; baseline 0.006 -29"><span class='ocrx_word' id='word_1_33' title='bbox 159 999 194 1058; x_wconf 86' lang='lat' dir='ltr'>et</span> <span class='ocrx_word' id='word_1_34' title='bbox 209 1016 274 1059; x_wconf 93' lang='lat' dir='ltr'>non</span> <span class='ocrx_word' id='word_1_35' title='bbox 291 1000 475 1065; x_wconf 87' lang='lat' dir='ltr'>confundas</span> <span class='ocrx_word' id='word_1_36' title='bbox 490 1023 543 1066; x_wconf 88' lang='lat' dir='ltr'>mc</span> <span class='ocrx_word' id='word_1_37' title='bbox 559 1003 601 1066; x_wconf 87' lang='lat' dir='ltr'>ab</span> <span class='ocrx_word' id='word_1_38' title='bbox 617 1001 849 1086; x_wconf 77' lang='lat' dir='ltr'>expectatione</span> <span class='ocrx_word' id='word_1_39' title='bbox 864 1021 948 1063; x_wconf 89' lang='lat' dir='ltr'>mea.</span> 
     </span>
    </p>

    <p class='ocr_par' dir='ltr' id='par_1_5' title="bbox 154 1097 1312 1276">
     <span class='ocr_line' id='line_1_7' title="bbox 197 1097 1312 1182; baseline -0.002 -25"><span class='ocrx_word' id='word_1_40' title='bbox 197 1098 256 1169; x_wconf 80' lang='lat' dir='ltr'>Qui</span> <span class='ocrx_word' id='word_1_41' title='bbox 275 1121 368 1160; x_wconf 83' lang='lat' dir='ltr'>uersus</span> <span class='ocrx_word' id='word_1_42' title='bbox 387 1105 469 1163; x_wconf 82' lang='lat' dir='ltr'>tertio</span> <span class='ocrx_word' id='word_1_43' title='bbox 489 1113 631 1182; x_wconf 83' lang='lat' dir='ltr'>repetatur</span> <span class='ocrx_word' id='word_1_44' title='bbox 651 1105 686 1162; x_wconf 90' lang='lat' dir='ltr'>ab</span> <span class='ocrx_word' id='word_1_45' title='bbox 706 1105 844 1177; x_wconf 81' lang='lat' dir='ltr'>omuibus,</span> <span class='ocrx_word' id='word_1_46' title='bbox 858 1112 883 1162; x_wconf 90' lang='lat' dir='ltr'>ct</span> <span class='ocrx_word' id='word_1_47' title='bbox 904 1103 938 1162; x_wconf 82' lang='lat' dir='ltr'>iu</span> <span class='ocrx_word' id='word_1_48' title='bbox 952 1104 1023 1180; x_wconf 82' lang='lat' dir='ltr'>fiac,</span> <span class='ocrx_word' id='word_1_49' title='bbox 1043 1099 1143 1160; x_wconf 84' lang='lat' dir='ltr'><strong>Gloria</strong></span> <span class='ocrx_word' id='word_1_50' title='bbox 1164 1097 1263 1170; x_wconf 81' lang='lat' dir='ltr'>Patri3</span> <span class='ocrx_word' id='word_1_51' title='bbox 1287 1107 1312 1156; x_wconf 82' lang='lat' dir='ltr'>et</span> 
     </span>
     <span class='ocr_line' id='line_1_8' title="bbox 154 1199 753 1276; baseline 0.013 -23"><span class='ocrx_word' id='word_1_52' title='bbox 154 1204 260 1273; x_wconf 84' lang='lat' dir='ltr'>postea,</span> <span class='ocrx_word' id='word_1_53' title='bbox 275 1199 368 1276; x_wconf 82' lang='lat' dir='ltr'>Kyrie</span> <span class='ocrx_word' id='word_1_54' title='bbox 381 1201 488 1261; x_wconf 86' lang='lat' dir='ltr'>eleison</span> <span class='ocrx_word' id='word_1_55' title='bbox 502 1211 528 1261; x_wconf 86' lang='lat' dir='ltr'>ct</span> <span class='ocrx_word' id='word_1_56' title='bbox 541 1203 631 1263; x_wconf 89' lang='lat' dir='ltr'>Pater</span> <span class='ocrx_word' id='word_1_57' title='bbox 644 1211 753 1263; x_wconf 87' lang='lat' dir='ltr'>noster.</span> 
     </span>
    </p>

    <p class='ocr_par' dir='ltr' id='par_1_6' title="bbox 195 1292 928 1375">
     <span class='ocr_line' id='line_1_9' title="bbox 195 1292 928 1375; baseline 0.005 -25"><span class='ocrx_word' id='word_1_58' title='bbox 195 1292 337 1367; x_wconf 78' lang='lat' dir='ltr'>(Interim</span> <span class='ocrx_word' id='word_1_59' title='bbox 345 1296 473 1373; x_wconf 83' lang='lat' dir='ltr'>professa</span> <span class='ocrx_word' id='word_1_60' title='bbox 482 1305 644 1375; x_wconf 78' lang='lat' dir='ltr'>prosternat</span> <span class='ocrx_word' id='word_1_61' title='bbox 657 1319 685 1356; x_wconf 88' lang='lat' dir='ltr'>se</span> <span class='ocrx_word' id='word_1_62' title='bbox 698 1318 794 1357; x_wconf 80' lang='lat' dir='ltr'>coram</span> <span class='ocrx_word' id='word_1_63' title='bbox 808 1296 928 1373; x_wconf 81' lang='lat' dir='ltr'>altari.)</span> 
     </span>
    </p>

    <p class='ocr_par' dir='ltr' id='par_1_7' title="bbox 196 1388 626 1471">
     <span class='ocr_line' id='line_1_10' title="bbox 196 1388 626 1471; baseline 0.014 -25"><span class='ocrx_word' id='word_1_64' title='bbox 196 1388 257 1458; x_wconf 78' lang='lat' dir='ltr'>Quo</span> <span class='ocrx_word' id='word_1_65' title='bbox 264 1390 362 1464; x_wconf 80' lang='lat' dir='ltr'>finita,</span> <span class='ocrx_word' id='word_1_66' title='bbox 377 1392 457 1452; x_wconf 82' lang='lat' dir='ltr'>dicat</span> <span class='ocrx_word' id='word_1_67' title='bbox 471 1394 626 1471; x_wconf 81' lang='lat' dir='ltr'>episcopus,</span> 
     </span>
    </p>

    <p class='ocr_par' dir='ltr' id='par_1_8' title="bbox 202 1483 391 1550">
     <span class='ocr_line' id='line_1_11' title="bbox 202 1483 391 1550; baseline 0.032 -5"><span class='ocrx_word' id='word_1_68' title='bbox 202 1483 247 1548; x_wconf 88' lang='lat' dir='ltr'>Et</span> <span class='ocrx_word' id='word_1_69' title='bbox 262 1505 303 1547; x_wconf 97' lang='lat' dir='ltr'>ne</span> <span class='ocrx_word' id='word_1_70' title='bbox 318 1507 391 1550; x_wconf 88' lang='lat' dir='ltr'>nos.</span> 
     </span>
    </p>

    <p class='ocr_par' dir='ltr' id='par_1_9' title="bbox 196 1584 717 1665">
     <span class='ocr_line' id='line_1_12' title="bbox 196 1584 717 1665; baseline 0.012 -23"><span class='ocrx_word' id='word_1_71' title='bbox 196 1584 239 1643; x_wconf 86' lang='lat' dir='ltr'>Et</span> <span class='ocrx_word' id='word_1_72' title='bbox 251 1588 440 1665; x_wconf 74' lang='lat' dir='ltr'>subsequentes</span> <span class='ocrx_word' id='word_1_73' title='bbox 454 1590 584 1649; x_wconf 85' lang='lat' dir='ltr'>Psalmos</span> <span class='ocrx_word' id='word_1_74' title='bbox 598 1592 717 1650; x_wconf 76' lang='lat' dir='ltr'>inchoet.</span> 
     </span>
    </p>

    <p class='ocr_par' dir='ltr' id='par_1_10' title="bbox 201 1679 1310 1766">
     <span class='ocr_line' id='line_1_13' title="bbox 201 1679 1310 1766; baseline 0.018 -23"><span class='ocrx_word' id='word_1_75' title='bbox 201 1679 351 1760; x_wconf 87' lang='lat' dir='ltr'>Domine,</span> <span class='ocrx_word' id='word_1_76' title='bbox 369 1684 444 1766; x_wconf 89' lang='lat' dir='ltr'>quis</span> <span class='ocrx_word' id='word_1_77' title='bbox 460 1685 637 1751; x_wconf 78' lang='lat' dir='ltr'>habitabit.</span> <span class='ocrx_word' id='word_1_78' title='bbox 1168 1680 1226 1761; x_wconf 74' lang='grc' dir='ltr'>[Ρ8</span> <span class='ocrx_word' id='word_1_79' title='bbox 1242 1680 1310 1762; x_wconf 63' lang='lat' dir='ltr'>&#39;‘V-i</span> 
     </span>
    </p>

    <p class='ocr_par' dir='ltr' id='par_1_11' title="bbox 201 1779 1312 1871">
     <span class='ocr_line' id='line_1_14' title="bbox 201 1779 1312 1871; baseline -0.002 -26"><span class='ocrx_word' id='word_1_80' title='bbox 201 1781 364 1849; x_wconf 83' lang='lat' dir='ltr'>Dominus</span> <span class='ocrx_word' id='word_1_81' title='bbox 379 1787 469 1871; x_wconf 87' lang='lat' dir='ltr'>regit</span> <span class='ocrx_word' id='word_1_82' title='bbox 484 1808 546 1850; x_wconf 87' lang='lat' dir='ltr'>me.</span> <span class='ocrx_word' id='word_1_83' title='bbox 1128 1784 1187 1866; x_wconf 87' lang='lat' dir='ltr'>[Ps</span> <span class='ocrx_word' id='word_1_84' title='bbox 1203 1779 1312 1864; x_wconf 80' lang='lat' dir='ltr'>xxiii]</span> 
     </span>
    </p>

    <p class='ocr_par' dir='ltr' id='par_1_12' title="bbox 202 1884 1313 1976">
     <span class='ocr_line' id='line_1_15' title="bbox 202 1884 1313 1976; baseline -0.005 -25"><span class='ocrx_word' id='word_1_85' title='bbox 202 1886 338 1951; x_wconf 82' lang='lat' dir='ltr'>Salvum</span> <span class='ocrx_word' id='word_1_86' title='bbox 353 1890 486 1967; x_wconf 84' lang='lat' dir='ltr'>mefac,</span> <span class='ocrx_word' id='word_1_87' title='bbox 502 1890 605 1968; x_wconf 86' lang='lat' dir='ltr'>Deus,</span> <span class='ocrx_word' id='word_1_88' title='bbox 622 1892 779 1976; x_wconf 88' lang='lat' dir='ltr'>quoniam</span> <span class='ocrx_word' id='word_1_89' title='bbox 796 1892 1019 1957; x_wconf 82' lang='lat' dir='ltr'>intraverunt.</span> <span class='ocrx_word' id='word_1_90' title='bbox 1142 1887 1200 1969; x_wconf 91' lang='lat' dir='ltr'>[Ps</span> <span class='ocrx_word' id='word_1_91' title='bbox 1215 1884 1313 1968; x_wconf 65' lang='lat' dir='ltr'>ixia]</span> 
     </span>
    </p>

    <p class='ocr_par' dir='ltr' id='par_1_13' title="bbox 197 1987 1178 2072">
     <span class='ocr_line' id='line_1_16' title="bbox 197 1987 1178 2072; baseline 0.003 -26"><span class='ocrx_word' id='word_1_92' title='bbox 197 1987 304 2060; x_wconf 78' lang='lat' dir='ltr'>Quibus</span> <span class='ocrx_word' id='word_1_93' title='bbox 317 1992 353 2048; x_wconf 91' lang='lat' dir='ltr'>ab</span> <span class='ocrx_word' id='word_1_94' title='bbox 366 1993 493 2050; x_wconf 83' lang='lat' dir='ltr'>omuibus</span> <span class='ocrx_word' id='word_1_95' title='bbox 507 1993 676 2068; x_wconf 68' lang='lat' dir='ltr'>accusatis,</span> <span class='ocrx_word' id='word_1_96' title='bbox 689 1996 790 2054; x_wconf 82' lang='lat' dir='ltr'>statim</span> <span class='ocrx_word' id='word_1_97' title='bbox 803 1996 954 2072; x_wconf 78' lang='lat' dir='ltr'>subjuupat</span> <span class='ocrx_word' id='word_1_98' title='bbox 968 1995 1026 2053; x_wconf 78' lang='lat' dir='ltr'>brac</span> <span class='ocrx_word' id='word_1_99' title='bbox 1039 1992 1178 2071; x_wconf 77' lang='lat' dir='ltr'>capitula.</span> 
     </span>
    </p>

    <p class='ocr_par' dir='ltr' id='par_1_14' title="bbox 203 2082 702 2154">
     <span class='ocr_line' id='line_1_17' title="bbox 203 2082 702 2154; baseline 0.016 -8"><span class='ocrx_word' id='word_1_100' title='bbox 203 2082 338 2149; x_wconf 85' lang='lat' dir='ltr'>Salva-m</span> <span class='ocrx_word' id='word_1_101' title='bbox 355 2087 409 2151; x_wconf 89' lang='lat' dir='ltr'>fac</span> <span class='ocrx_word' id='word_1_102' title='bbox 425 2087 582 2152; x_wconf 83' lang='lat' dir='ltr'>ancillam</span> <span class='ocrx_word' id='word_1_103' title='bbox 598 2095 702 2154; x_wconf 90' lang='lat' dir='ltr'>tuam.</span> 
     </span>
    </p>

    <p class='ocr_par' dir='ltr' id='par_1_15' title="bbox 204 2189 731 2259">
     <span class='ocr_line' id='line_1_18' title="bbox 204 2189 731 2259; baseline 0.011 -8"><span class='ocrx_word' id='word_1_104' title='bbox 204 2189 305 2254; x_wconf 91' lang='lat' dir='ltr'>Mitte</span> <span class='ocrx_word' id='word_1_105' title='bbox 322 2191 353 2254; x_wconf 90' lang='lat' dir='ltr'>ei</span> <span class='ocrx_word' id='word_1_106' title='bbox 369 2193 534 2256; x_wconf 84' lang='lat' dir='ltr'>auxilium</span> <span class='ocrx_word' id='word_1_107' title='bbox 549 2195 589 2258; x_wconf 92' lang='lat' dir='ltr'>de</span> <span class='ocrx_word' id='word_1_108' title='bbox 605 2200 731 2259; x_wconf 83' lang='lat' dir='ltr'>sancto.</span> 
     </span>
    </p>

    <p class='ocr_par' dir='ltr' id='par_1_16' title="bbox 202 2292 503 2370">
     <span class='ocr_line' id='line_1_19' title="bbox 202 2292 503 2370; baseline 0.007 -13"><span class='ocrx_word' id='word_1_109' title='bbox 202 2292 354 2370; x_wconf 91' lang='lat' dir='ltr'>Domine,</span> <span class='ocrx_word' id='word_1_110' title='bbox 371 2297 503 2360; x_wconf 84' lang='lat' dir='ltr'>exaudi.</span> 
     </span>
    </p>

    <p class='ocr_par' dir='ltr' id='par_1_17' title="bbox 200 2393 562 2462">
     <span class='ocr_line' id='line_1_20' title="bbox 200 2393 562 2462; baseline 0.008 -3"><span class='ocrx_word' id='word_1_111' title='bbox 200 2393 364 2461; x_wconf 85' lang='lat' dir='ltr'>Dominus</span> <span class='ocrx_word' id='word_1_112' title='bbox 381 2399 562 2462; x_wconf 88' lang='lat' dir='ltr'>vobiscum.</span> 
     </span>
    </p>

    <p class='ocr_par' dir='ltr' id='par_1_18' title="bbox 203 2497 354 2563">
     <span class='ocr_line' id='line_1_21' title="bbox 203 2497 354 2563; baseline 0.007 -1"><span class='ocrx_word' id='word_1_113' title='bbox 203 2497 354 2563; x_wconf 90' lang='lat' dir='ltr'>Oremus.</span> 
     </span>
    </p>
   </div>
   <div class='ocr_carea' id='block_1_3' title="bbox 155 2598 1311 2996">
    <p class='ocr_par' dir='ltr' id='par_1_19' title="bbox 155 2598 1311 2996">
     <span class='ocr_line' id='line_1_22' title="bbox 199 2598 1310 2689; baseline -0.002 -24"><span class='ocrx_word' id='word_1_114' title='bbox 199 2599 352 2683; x_wconf 85' lang='lat' dir='ltr'>Respice,</span> <span class='ocrx_word' id='word_1_115' title='bbox 369 2601 519 2679; x_wconf 91' lang='lat' dir='ltr'>Domine,</span> <span class='ocrx_word' id='word_1_116' title='bbox 536 2603 700 2687; x_wconf 90' lang='lat' dir='ltr'>propitius</span> <span class='ocrx_word' id='word_1_117' title='bbox 724 2625 825 2689; x_wconf 86' lang='lat' dir='ltr'>super</span> <span class='ocrx_word' id='word_1_118' title='bbox 847 2604 934 2668; x_wconf 89' lang='lat' dir='ltr'>hanc</span> <span class='ocrx_word' id='word_1_119' title='bbox 956 2601 1117 2667; x_wconf 87' lang='lat' dir='ltr'>famulam</span> <span class='ocrx_word' id='word_1_120' title='bbox 1139 2606 1234 2665; x_wconf 84' lang='lat' dir='ltr'>tuam</span> <span class='ocrx_word' id='word_1_121' title='bbox 1255 2598 1310 2674; x_wconf 83' lang='lat' dir='ltr'>N,</span> 
     </span>
     <span class='ocr_line' id='line_1_23' title="bbox 157 2702 1311 2791; baseline 0 -26"><span class='ocrx_word' id='word_1_122' title='bbox 157 2708 195 2765; x_wconf 88' lang='lat' dir='ltr'>ut</span> <span class='ocrx_word' id='word_1_123' title='bbox 210 2702 416 2786; x_wconf 82' lang='lat' dir='ltr'>virginitatis</span> <span class='ocrx_word' id='word_1_124' title='bbox 428 2711 550 2769; x_wconf 84' lang='lat' dir='ltr'>sanctae</span> <span class='ocrx_word' id='word_1_125' title='bbox 566 2708 784 2790; x_wconf 86' lang='lat' dir='ltr'>propositum,</span> <span class='ocrx_word' id='word_1_126' title='bbox 798 2707 885 2791; x_wconf 85' lang='lat' dir='ltr'>quod</span> <span class='ocrx_word' id='word_1_127' title='bbox 900 2712 935 2771; x_wconf 86' lang='lat' dir='ltr'>te</span> <span class='ocrx_word' id='word_1_128' title='bbox 950 2706 1137 2789; x_wconf 85' lang='lat' dir='ltr'>inspirante</span> <span class='ocrx_word' id='word_1_129' title='bbox 1153 2702 1311 2787; x_wconf 86' lang='lat' dir='ltr'>suscepit,</span> 
     </span>
     <span class='ocr_line' id='line_1_24' title="bbox 155 2807 1311 2894; baseline 0 -26"><span class='ocrx_word' id='word_1_130' title='bbox 155 2811 190 2868; x_wconf 89' lang='lat' dir='ltr'>te</span> <span class='ocrx_word' id='word_1_131' title='bbox 228 2807 436 2891; x_wconf 80' lang='lat' dir='ltr'>gubernante</span> <span class='ocrx_word' id='word_1_132' title='bbox 475 2809 653 2886; x_wconf 89' lang='lat' dir='ltr'>custodiat,</span> <span class='ocrx_word' id='word_1_133' title='bbox 691 2831 752 2894; x_wconf 91' lang='lat' dir='ltr'>per</span> <span class='ocrx_word' id='word_1_134' title='bbox 788 2810 967 2875; x_wconf 91' lang='lat' dir='ltr'>Dominum</span> <span class='ocrx_word' id='word_1_135' title='bbox 1006 2815 1158 2873; x_wconf 90' lang='lat' dir='ltr'>nostrum</span> <span class='ocrx_word' id='word_1_136' title='bbox 1195 2807 1311 2872; x_wconf 88' lang='lat' dir='ltr'>Jesum</span> 
     </span>
     <span class='ocr_line' id='line_1_25' title="bbox 159 2911 462 2996; baseline 0.007 -20"><span class='ocrx_word' id='word_1_137' title='bbox 159 2911 340 2991; x_wconf 78' lang='lat' dir='ltr'>Christum,</span> <span class='ocrx_word' id='word_1_138' title='bbox 356 2936 462 2996; x_wconf 78' lang='lat' dir='ltr'>usquc</span> 
     </span>
    </p>
   </div>
   <div class='ocr_carea' id='block_1_4' title="bbox 157 3019 1067 3166">
    <p class='ocr_par' dir='ltr' id='par_1_20' title="bbox 157 3019 1067 3166">
     <span class='ocr_line' id='line_1_26' title="bbox 157 3019 1067 3166; baseline 0.005 -4"><span class='ocrx_word' id='word_1_139' title='bbox 157 3019 1067 3166; x_wconf 60' lang='lat' dir='ltr'><em>Q</em></span> 
     </span>
    </p>
   </div>
   <div class='ocr_carea' id='block_1_5' title="bbox 199 3190 1069 3259">
    <p class='ocr_par' dir='ltr' id='par_1_21' title="bbox 199 3190 1069 3259">
     <span class='ocr_line' id='line_1_27' title="bbox 199 3190 1069 3259; baseline 0.002 -6"><span class='ocrx_word' id='word_1_140' title='bbox 199 3190 265 3253; x_wconf 93' lang='lat' dir='ltr'>Per</span> <span class='ocrx_word' id='word_1_141' title='bbox 280 3193 385 3254; x_wconf 92' lang='lat' dir='ltr'>om·ni</span> <span class='ocrx_word' id='word_1_142' title='bbox 401 3229 415 3241; x_wconf 93' lang='lat'>·</span> <span class='ocrx_word' id='word_1_143' title='bbox 431 3215 451 3257; x_wconf 89' lang='lat' dir='ltr'>a</span> <span class='ocrx_word' id='word_1_144' title='bbox 468 3195 621 3258; x_wconf 84' lang='lat' dir='ltr'>sae-cu-la</span> <span class='ocrx_word' id='word_1_145' title='bbox 637 3194 890 3259; x_wconf 74' lang='lat' dir='ltr'>saeculo-rum.</span> <span class='ocrx_word' id='word_1_146' title='bbox 936 3196 1069 3258; x_wconf 80' lang='lat' dir='ltr'>Amen.</span> 
     </span>
    </p>
   </div>
   <div class='ocr_carea' id='block_1_6' title="bbox 197 3482 646 4138">
    <p class='ocr_par' dir='ltr' id='par_1_22' title="bbox 197 3482 646 4138">
     <span class='ocr_line' id='line_1_28' title="bbox 203 3482 625 3550; baseline 0.012 -5"><span class='ocrx_word' id='word_1_147' title='bbox 203 3482 396 3549; x_wconf 79' lang='lat' dir='ltr'>Domi-nus</span> <span class='ocrx_word' id='word_1_148' title='bbox 413 3507 469 3549; x_wconf 87' lang='lat' dir='ltr'>vo·</span> <span class='ocrx_word' id='word_1_149' title='bbox 485 3486 625 3550; x_wconf 87' lang='lat' dir='ltr'>hiscum.</span> 
     </span>
     <span class='ocr_line' id='line_1_29' title="bbox 197 3776 646 3863; baseline 0.009 -24"><span class='ocrx_word' id='word_1_150' title='bbox 197 3776 331 3840; x_wconf 91' lang='lat' dir='ltr'>Etcum</span> <span class='ocrx_word' id='word_1_151' title='bbox 348 3779 446 3863; x_wconf 89' lang='lat' dir='ltr'>spi-ri</span> <span class='ocrx_word' id='word_1_152' title='bbox 462 3816 475 3827; x_wconf 91' lang='lat'>-</span> <span class='ocrx_word' id='word_1_153' title='bbox 492 3786 530 3842; x_wconf 87' lang='lat' dir='ltr'>tu</span> <span class='ocrx_word' id='word_1_154' title='bbox 562 3786 646 3844; x_wconf 78' lang='lat' dir='ltr'>tuo.</span> 
     </span>
     <span class='ocr_line' id='line_1_30' title="bbox 202 4070 528 4138; baseline 0.006 -4"><span class='ocrx_word' id='word_1_155' title='bbox 202 4070 356 4134; x_wconf 84' lang='lat' dir='ltr'>Sur-sum</span> <span class='ocrx_word' id='word_1_156' title='bbox 373 4093 431 4136; x_wconf 88' lang='lat' dir='ltr'>cor</span> <span class='ocrx_word' id='word_1_157' title='bbox 446 4110 459 4122; x_wconf 92' lang='lat'><strong>·</strong></span> <span class='ocrx_word' id='word_1_158' title='bbox 475 4073 528 4138; x_wconf 89' lang='lat' dir='ltr'>da.</span> 
     </span>
    </p>
   </div>
   <div class='ocr_carea' id='block_1_7' title="bbox 159 4239 761 4277">
    <p class='ocr_par' dir='ltr' id='par_1_23' title="bbox 159 4239 761 4277">
     <span class='ocr_line' id='line_1_31' title="bbox 159 4239 761 4277; baseline 0.017 -17"><span class='ocrx_word' id='word_1_159' title='bbox 159 4239 268 4277; x_wconf 77' lang='lat'>......&#39;.</span> <span class='ocrx_word' id='word_1_160' title='bbox 693 4261 761 4269; x_wconf 79' lang='lat'>.—</span> 
     </span>
    </p>
   </div>
   <div class='ocr_carea' id='block_1_8' title="bbox 201 4363 745 4515">
    <p class='ocr_par' dir='ltr' id='par_1_24' title="bbox 201 4363 745 4515">
     <span class='ocr_line' id='line_1_32' title="bbox 201 4363 745 4436; baseline 0.015 -9"><span class='ocrx_word' id='word_1_161' title='bbox 201 4363 257 4428; x_wconf 90' lang='lat' dir='ltr'>Ha</span> <span class='ocrx_word' id='word_1_162' title='bbox 273 4402 286 4414; x_wconf 94' lang='lat'>·</span> <span class='ocrx_word' id='word_1_163' title='bbox 302 4366 435 4430; x_wconf 87' lang='lat' dir='ltr'>be-mus</span> <span class='ocrx_word' id='word_1_164' title='bbox 451 4368 494 4431; x_wconf 86' lang='lat' dir='ltr'>ad</span> <span class='ocrx_word' id='word_1_165' title='bbox 512 4368 577 4433; x_wconf 92' lang='lat' dir='ltr'>Do·</span> <span class='ocrx_word' id='word_1_166' title='bbox 592 4370 745 4436; x_wconf 91' lang='lat' dir='ltr'>mi-num.</span> 
     </span>
     <span class='ocr_line' id='line_1_33' title="bbox 245 4451 400 4515; baseline 0.013 -2"><span class='ocrx_word' id='word_1_167' title='bbox 245 4451 340 4515; x_wconf 89' lang='lat' dir='ltr'>Pont.</span> <span class='ocrx_word' id='word_1_168' title='bbox 358 4453 400 4515; x_wconf 81' lang='lat'>26</span> 
     </span>
    </p>
   </div>
   <div class='ocr_carea' id='block_1_9' title="bbox 0 0 1482 4996">
    <p class='ocr_par' dir='ltr' id='par_1_25' title="bbox 0 0 1482 4996">
     <span class='ocr_line' id='line_1_34' title="bbox 0 0 1482 4996; baseline 0 0"><span class='ocrx_word' id='word_1_169' title='bbox 0 0 1482 4996; x_wconf 95' lang='lat' dir='ltr'> </span> 
     </span>
    </p>
   </div>
  </div>
 </body>
</html>
