2940 4996
153 412 218 477 328
437 414 482 477 In
494 414 722 478 Dedicatione
740 413 910 479 Basilica
924 434 1031 478 aouoe.

156 623 282 685 honore
309 624 503 684 sanctorum
530 622 715 705 martyrum
744 625 878 685 tuorum
904 622 956 687 ill.
983 623 1142 709 petimus,
1165 622 1315 702 Domine,

155 724 310 808 placatus
326 722 483 807 accipias,
500 722 638 808 diesque
654 727 801 788 nostros.
893 734 905 755 ⁹

195 826 433 887 Portcouuaunio.

202 922 420 1007 Omnipotens
447 920 651 1004 sempiterne
678 920 781 1000 Deus,
808 923 942 988 offundo
967 945 1069 1012 super
1092 925 1184 991 huuc
1206 925 1314 992 locum

155 1027 300 1114 gratiam
316 1031 420 1100 tuam,
436 1030 471 1089 et
486 1025 640 1089 omnibus
655 1025 691 1088 in
706 1031 740 1090 te
762 1028 977 1110 sperantibus
993 1028 1113 1093 auxilii
1128 1029 1181 1095 tui
1196 1051 1316 1095 munus

157 1130 306 1206 ostende,
318 1135 358 1195 ut
371 1128 426 1192 hic
438 1131 474 1193 et
488 1132 773 1193 sacramentorum
785 1130 896 1196 virtus
911 1135 947 1197 ct
957 1136 1114 1198 votorum
1126 1133 1319 1199 obtineatur

159 1236 311 1299 effectus.
355 1233 421 1297 Per
435 1231 614 1297 Dominum
631 1237 795 1298 nostrum.

201 1338 293 1415 Super
302 1337 452 1415 populum.

201 1433 304 1510 Deus,
320 1433 378 1516 qui
400 1430 441 1496 de
464 1430 553 1496 vivis
575 1437 611 1495 et
633 1430 752 1496 electis
774 1431 944 1519 lapidibus
962 1441 1124 1500 aeternum
1146 1438 1318 1522 majestati

159 1547 224 1604 tuae
257 1536 372 1601 condis
403 1534 644 1611 habitaculum,
671 1535 835 1600 auxiliare
866 1537 991 1622 populo
1026 1539 1254 1625 supplicanti;
1281 1548 1318 1606 ut

158 1641 247 1726 quod
271 1638 418 1704 ecclesiae
441 1643 506 1703 tuae
529 1638 762 1722 corporalibus
779 1640 912 1725 proficit
935 1642 1067 1725 spatiis,
1084 1644 1320 1729 spiritualibus

160 1743 384 1828 amplificetur
397 1741 598 1825 augmentis.
642 1743 717 1807 Per.

201 1844 379 1906 Consecratio
393 1845 506 1903 ultoria.

198 1943 292 2008 Deus
307 1941 530 2025 omnipotens,
548 1942 612 2006 sub
635 1942 732 2025 cujus
756 1944 969 2009 invocatione
984 1944 1148 2011 altarium
1164 1947 1200 2011 in
1216 1949 1317 2013 hono·

156 2070 226 2113 rem
238 2046 348 2111 sancti
359 2045 413 2109 ill.
424 2065 670 2123 consecramus,
682 2045 829 2111 clemens
839 2051 875 2112 et
887 2048 1056 2135 propitius
1066 2070 1187 2134 proces
1199 2058 1319 2118 nostra

158 2149 361 2216 humilitatis
392 2148 535 2225 exaudi;
566 2154 602 2214 et
627 2156 762 2233 praesta,
788 2155 828 2215 ut
856 2150 891 2214 in
919 2151 983 2217 hac
1008 2173 1129 2219 mensa
1159 2154 1231 2221 sint
1260 2156 1319 2222 tibi

160 2256 322 2321 libamina
345 2257 492 2336 accepta,
510 2252 578 2317 sint
592 2257 702 2338 grata,
721 2253 790 2317 sint
812 2254 963 2340 pinguia,
979 2261 1015 2320 ct
1038 2255 1187 2341 Spiritus
1209 2259 1320 2325 Sancti

161 2361 211 2426 tui
228 2380 303 2423 rore
328 2357 484 2442 perfusa;
508 2361 548 2420 ut
570 2356 828 2440 omnitempore
851 2357 887 2421 in
910 2360 975 2424 hoc
998 2358 1072 2424 loco
1096 2360 1318 2447 supplicantis

161 2465 224 2530 tibi
240 2461 376 2527 familiae
393 2467 457 2526 tuae
474 2460 665 2525 anxietates
680 2458 823 2538 releves,
839 2462 1059 2548 egritudines
1081 2484 1191 2543 curos,
1207 2487 1321 2553 preces

163 2566 336 2642 exaudias,
352 2569 433 2628 vota
449 2564 624 2649 suscipias,
638 2564 834 2630 desiderata
855 2566 1041 2643 confirmes,
1056 2570 1235 2652 postulata
1248 2592 1319 2637 con·

164 2672 275 2737 cedas.
320 2669 396 2732 Per.

202 2774 288 2831 Atia.

205 2869 269 2934 Dei
285 2868 399 2932 Patris
411 2868 650 2952 omnipotentis
665 2867 940 2947 misericordiam,
956 2869 1171 2938 dilectissimi
1187 2874 1317 2952 fratrea

162 2975 390 3058 deprecemur,
403 2976 441 3036 ut
456 2973 520 3035 hoc
536 2969 696 3035 altarium
709 2971 883 3037 sacrificiis
896 2973 1107 3057 spiritalibus
1123 2999 1316 3046 consecran-

162 3080 251 3155 dum,
265 3077 356 3142 vocis
371 3080 495 3140 nostrae
511 3074 702 3139 exorandus
718 3073 906 3163 [exoratus]
917 3078 1035 3155 officio,
1047 3085 1209 3166 praesenti
1223 3085 1317 3149 bone-

162 3183 307 3248 dictione
331 3179 527 3255 sanctificet,
551 3182 588 3242 ut
615 3178 650 3240 in
678 3198 716 3241 eo
744 3198 877 3263 semper
902 3179 1092 3247 oblationes
1118 3184 1317 3253 famulorum

164 3306 300 3350 suorum
325 3282 436 3347 studio
454 3302 520 3345 suae
535 3280 725 3344 devotionis
740 3280 919 3364 impositas
933 3284 1132 3352 benedicere
1148 3293 1185 3355 et
1201 3291 1318 3357 sancti·

164 3389 264 3452 ficare
280 3386 450 3471 dignetur,
465 3388 500 3448 et
516 3383 662 3467 spiritali
685 3382 840 3466 placatus
861 3385 1008 3463 incenso,
1024 3392 1177 3471 precanti
1193 3394 1319 3459 familia

166 3513 233 3555 sua
248 3490 451 3576 propitiatus
468 3488 644 3553 exauditor
659 3487 814 3554 adsistat.
859 3490 933 3554 Per.

205 3595 290 3652 Alia.

205 3693 299 3757 Deus
314 3690 628 3765 sanctificationum,
646 3690 857 3775 omnipotens
873 3691 1085 3772 Dominator‚
1103 3699 1201 3782 cujus
1216 3701 1318 3786 pietas

162 3798 233 3860 sine
264 3798 330 3859 fine
361 3795 518 3870 sentitur,
550 3794 683 3857 effunde
715 3815 817 3879 super
848 3797 910 3861 hoc
942 3796 1050 3863 altare
1080 3805 1229 3885 gratiam
1257 3811 1317 3873 tua

163 3898 413 3973 benedictionis,
441 3902 479 3961 ut
503 3898 545 3960 ab
573 3897 728 3962 omnibus
758 3898 812 3963 hic
839 3899 1071 3967 invocantibus
1101 3911 1136 3969 te
1162 3909 1317 3973 auxilium

164 4009 229 4066 tua
239 4000 474 4066 misericordia
492 4001 669 4065 sentiatur.
715 4001 779 4063 Per
795 4000 986 4068 Dominum.

205 4102 385 4161 Consecratio
399 4104 512 4162 tobalea.

207 4196 476 4283 Omnipotentem
503 4199 611 4263 Deum
644 4204 678 4262 et
706 4199 884 4265 Dominum
913 4208 1065 4269 nostrum
1093 4209 1186 4274 rotis
1212 4211 1317 4276 exsul-

164 4300 315 4366 tantibus
328 4301 554 4385 deprecemur,
567 4306 606 4366 ut
622 4302 678 4385 qui
691 4323 753 4384 per
768 4324 899 4368 omnem
914 4306 1073 4372 mundum
1086 4310 1186 4375 fidem
1200 4314 1316 4398 sparsit
