2940 4996
223 414 286 477 128
519 417 718 481 Benedictio
736 418 868 498 lapidis
884 422 1082 500 portabilis.

268 605 336 666 Pax
353 610 473 668 tecum.

267 706 399 769 Etcum
417 708 536 792 spiritu
551 713 620 773 tuo.

261 808 385 864 Interim
399 809 514 867 dicatur
528 812 695 889 antiphona.

264 903 349 966 Eece
373 905 454 968 odor
476 906 537 969 filii
563 908 628 970 mei
656 908 745 972 sicut
771 909 853 972 odor
876 911 948 995 agri
972 910 1062 994 pleni
1089 932 1186 995 quem
1211 909 1391 974 benedixit

220 1004 392 1070 Dominus.

263 1111 325 1172 Ps.
371 1110 612 1176 Fundamenta.
637 1115 709 1178 sine
726 1112 844 1178 Gloria
858 1115 962 1179 Patri.

260 1209 330 1270 Posi
352 1214 409 1270 iaec
432 1213 563 1288 confricat
590 1216 733 1294 episcopus
761 1224 848 1274 totum
872 1217 998 1296 lapidem
1024 1238 1113 1276 manu
1136 1239 1197 1292 sua,
1222 1218 1387 1296 sparpenda

220 1308 310 1364 oleum
324 1315 348 1364 et
362 1309 494 1380 chrisma,
510 1317 535 1367 et
549 1318 580 1367 ut
588 1311 674 1387 prius
688 1312 775 1369 dicat.

263 1403 506 1486 Conseerfflare
544 1411 578 1468 et
616 1406 867 1487 sanetifflficare
901 1406 1062 1491 digneris,
1095 1407 1238 1472 Domine
1273 1406 1383 1483 Deus,

216 1506 366 1570 tabulam
389 1507 491 1571 istam
506 1509 580 1590 (uel
593 1519 633 1599 ᾖ
650 1509 796 1594 lapidem
812 1506 930 1592 istum)
947 1531 1006 1593 per
1029 1511 1116 1574 sacri
1131 1510 1329 1575 chrismatis
1346 1518 1384 1574 et

217 1610 283 1673 olei
317 1611 506 1673 unctionem
541 1617 576 1674 et
608 1617 758 1676 nostram
789 1614 1106 1696 beneffldietionem.
1165 1616 1206 1679 In
1240 1616 1381 1678 nomine

216 1712 327 1776 Patris
342 1714 382 1792 ᾧ
399 1718 434 1776 et
448 1714 527 1776 Filii
541 1714 581 1794 ›1‹
599 1722 632 1779 et
649 1715 795 1800 Spiritus
810 1717 850 1795 ›1‹
866 1715 992 1781 Sancti.

261 1817 332 1878 Pax
347 1821 468 1879 tecum.

261 1920 304 1981 It.
350 1919 395 1983 Et
411 1941 484 1982 eum
502 1920 624 2005 spiritu
639 1924 709 1985 tuo.

257 2023 383 2081 Interim
397 2025 513 2081 dicatur
525 2025 692 2101 antiphona.
746 2049 749 2055 ’

260 2120 453 2183 AEdificavit
468 2120 605 2204 Moyses
627 2121 735 2185 altare
751 2120 893 2185 Domino
909 2121 991 2197 Deo,
1007 2124 1153 2186 offerens
1177 2142 1280 2206 snper
1295 2121 1384 2185 illud

218 2223 435 2287 holocausta:
470 2224 629 2287 odoratus
664 2231 715 2290 est
753 2223 930 2289 Dominus.
950 2226 1085 2289 odorem
1119 2226 1313 2304 suavitatis,
1349 2237 1387 2290 et

217 2327 387 2390 benedixit
402 2326 460 2389 eis.

261 2431 321 2493 Ps.
366 2429 484 2492 Lauda
506 2429 730 2494 Hierusalem.
755 2452 829 2493 cum
846 2428 962 2495 Gloria
976 2428 1081 2507 Patri,
1098 2451 1173 2512 queo
1195 2431 1232 2492 in
1247 2434 1388 2512 superi-

218 2537 334 2597 oribus
350 2528 504 2597 Psalmis
520 2557 587 2597 non
603 2536 746 2598 dicetur.

261 2637 426 2719 Sequitur
442 2638 627 2700 benedictio
644 2638 782 2712 incensi,
799 2657 873 2699 cum

260 2739 617 2803 Dominusvobiseum.
663 2741 813 2804 Oremus.

265 2845 396 2905 Oratio.
434 2841 574 2906 Domine
587 2842 679 2904 Deus
691 2841 911 2926 omnipotens,
924 2839 977 2903 eui
990 2843 1082 2903 astat
1094 2839 1261 2903 exercitus
1274 2859 1381 2925 ange-

215 2942 324 3006 lorum
336 2967 409 3007 eum
420 2951 575 3021 tremore,
587 2967 726 3028 quorum
740 2944 913 3008 servitium
925 2941 1100 3028 spirituale
1111 2946 1144 3006 et
1154 2943 1290 3027 igneum
1301 2965 1381 3009 esse

216 3049 450 3131 cognoscitur3
478 3048 618 3133 dignare
645 3048 811 3132 respicere
839 3053 874 3110 et
903 3045 1139 3133 beneffldioere
1166 3051 1201 3108 et
1227 3047 1380 3132 sanctifi<

215 3151 314 3213 ficare
330 3153 415 3214 hanc
432 3147 620 3215 ereaturam
643 3150 781 3226 incensi,
797 3155 835 3214 ut
851 3169 966 3212 omnes
989 3149 1169 3232 languores
1185 3154 1381 3232 cunctaque

213 3254 340 3316 insidiae
356 3254 480 3317 inimici
496 3253 596 3317 odore
613 3252 686 3334 ejus
703 3254 891 3336 percepto*
909 3250 1070 3335 fugentur
1084 3269 1105 3313 a
1120 3247 1286 3334 plasmate
1302 3256 1377 3327 tuo,

214 3357 302 3440 quod
318 3358 465 3441 pretioso
489 3355 568 3419 Filii
585 3355 634 3419 tui
658 3354 820 3438 sanguine
843 3353 1026 3417 redemisti.
1072 3351 1269 3437 Quitecum
1291 3353 1379 3419 vivit

213 3467 247 3524 et
285 3467 405 3545 regnat
442 3460 477 3522 in
511 3459 641 3522 unitate
680 3459 825 3542 Spiritus
863 3457 976 3521 Sancti
1010 3477 1071 3540 per
1104 3455 1215 3519 omnia
1252 3456 1378 3520 seacula

214 3564 419 3628 saeculorum.

253 3667 356 3726 Postea
375 3674 466 3744 ponat
486 3665 629 3742 episcopus
650 3664 773 3740 quinque
793 3684 887 3740 prona
906 3661 1014 3721 incensi
1034 3661 1067 3719 in
1087 3660 1201 3719 modurn
1223 3661 1315 3718 crucis
1340 3662 1375 3719 in

213 3763 305 3819 medio
319 3762 427 3838 lapidis
439 3768 464 3818 et
478 3761 510 3817 in
531 3768 652 3836 quatuor
665 3759 777 3834 annulis
798 3765 823 3815 et
836 3757 953 3833 desuper
972 3755 1094 3832 quinque
1108 3775 1200 3811 cruces
1219 3754 1254 3811 de
1266 3756 1376 3831 pratili

212 3856 330 3912 candela
334 3854 442 3931 factas,
453 3855 503 3911 uti
516 3855 611 3911 unctio
625 3851 984 3928 cirismatissactafuerit,
996 3857 1021 3906 et
1034 3845 1225 3906 incendantur
1238 3849 1373 3909 candela.

252 3949 374 4006 Interim
388 3949 504 4006 dicatur
519 3949 685 4028 antiphona.

254 4051 416 4114 Ascendit
441 4051 553 4115 fumus
574 4056 759 4115 aromatum
786 4050 820 4112 in
848 4052 1029 4133 conspeetu
1052 4044 1186 4110 Domini
1206 4046 1247 4109 de
1272 4067 1376 4111 manu

211 4153 333 4238 angeli.
395 4164 398 4169 “

211 4305 228 4338 *
247 4305 304 4359 MS.
319 4311 454 4376 praecepto
467 4313 520 4360 tun.
