<?xml version="1.0" encoding="UTF-8"?>
<!DOCTYPE html PUBLIC "-//W3C//DTD XHTML 1.0 Transitional//EN"
    "http://www.w3.org/TR/xhtml1/DTD/xhtml1-transitional.dtd">
<html xmlns="http://www.w3.org/1999/xhtml" xml:lang="en" lang="en">
 <head>
  <title>
</title>
<meta http-equiv="Content-Type" content="text/html;charset=utf-8" />
  <meta name='ocr-system' content='tesseract 3.04.00' />
  <meta name='ocr-capabilities' content='ocr_page ocr_carea ocr_par ocr_line ocrx_word'/>
</head>
<body>
  <div class='ocr_page' id='page_1' title='image "./liberpontifical01baingoog_0225.png"; bbox 0 0 2940 4996; ppageno 0'>
   <div class='ocr_carea' id='block_1_1' title="bbox 166 433 1012 514">
    <p class='ocr_par' dir='ltr' id='par_1_1' title="bbox 166 433 1012 514">
     <span class='ocr_line' id='line_1_1' title="bbox 166 433 1012 514; baseline 0.014 -15"><span class='ocrx_word' id='word_1_1' title='bbox 166 435 231 504; x_wconf 80' lang='lat'>172</span> <span class='ocrx_word' id='word_1_2' title='bbox 479 433 1012 514; x_wconf 75' lang='lat' dir='ltr'>GonaeeratioScnetimonialia.</span> 
     </span>
    </p>
   </div>
   <div class='ocr_carea' id='block_1_2' title="bbox 163 643 1326 738">
    <p class='ocr_par' dir='ltr' id='par_1_2' title="bbox 163 643 1326 738">
     <span class='ocr_line' id='line_1_2' title="bbox 163 643 1326 738; baseline 0.009 -33"><span class='ocrx_word' id='word_1_3' title='bbox 163 643 309 723; x_wconf 85' lang='lat' dir='ltr'>condita,</span> <span class='ocrx_word' id='word_1_4' title='bbox 332 650 392 712; x_wconf 93' lang='lat' dir='ltr'>tua</span> <span class='ocrx_word' id='word_1_5' title='bbox 417 669 550 735; x_wconf 90' lang='lat' dir='ltr'>quoque</span> <span class='ocrx_word' id='word_1_6' title='bbox 575 651 756 736; x_wconf 90' lang='lat' dir='ltr'>prudentia</span> <span class='ocrx_word' id='word_1_7' title='bbox 782 652 1013 738; x_wconf 86' lang='lat' dir='ltr'>gubernetur;</span> <span class='ocrx_word' id='word_1_8' title='bbox 1035 672 1110 718; x_wconf 86' lang='lat' dir='ltr'>eam</span> <span class='ocrx_word' id='word_1_9' title='bbox 1134 652 1236 737; x_wconf 86' lang='lat' dir='ltr'>juxta</span> <span class='ocrx_word' id='word_1_10' title='bbox 1261 651 1326 717; x_wconf 91' lang='lat' dir='ltr'>tibi</span> 
     </span>
    </p>
   </div>
   <div class='ocr_carea' id='block_1_3' title="bbox 153 751 1331 3282">
    <p class='ocr_par' dir='ltr' id='par_1_3' title="bbox 161 751 1328 2152">
     <span class='ocr_line' id='line_1_3' title="bbox 166 751 1328 839; baseline 0.006 -29"><span class='ocrx_word' id='word_1_11' title='bbox 166 751 361 814; x_wconf 85' lang='lat' dir='ltr'>consuetam</span> <span class='ocrx_word' id='word_1_12' title='bbox 382 751 530 835; x_wconf 78' lang='lat' dir='ltr'><strong>gratiam</strong></span> <span class='ocrx_word' id='word_1_13' title='bbox 545 755 660 819; x_wconf 92' lang='lat' dir='ltr'>unctio</span> <span class='ocrx_word' id='word_1_14' title='bbox 676 761 737 820; x_wconf 90' lang='lat' dir='ltr'>tua</span> <span class='ocrx_word' id='word_1_15' title='bbox 760 755 801 819; x_wconf 89' lang='lat' dir='ltr'>de</span> <span class='ocrx_word' id='word_1_16' title='bbox 824 755 979 821; x_wconf 92' lang='lat' dir='ltr'>omnibus</span> <span class='ocrx_word' id='word_1_17' title='bbox 999 755 1130 832; x_wconf 87' lang='lat' dir='ltr'>doceat,</span> <span class='ocrx_word' id='word_1_18' title='bbox 1145 775 1208 839; x_wconf 87' lang='lat' dir='ltr'>per</span> <span class='ocrx_word' id='word_1_19' title='bbox 1222 755 1328 819; x_wconf 91' lang='lat' dir='ltr'>inter-</span> 
     </span>
     <span class='ocr_line' id='line_1_4' title="bbox 164 851 1327 942; baseline 0.007 -28"><span class='ocrx_word' id='word_1_20' title='bbox 164 851 350 916; x_wconf 82' lang='lat' dir='ltr'><strong>cessionem</strong></span> <span class='ocrx_word' id='word_1_21' title='bbox 379 854 471 919; x_wconf 89' lang='lat' dir='ltr'>beati</span> <span class='ocrx_word' id='word_1_22' title='bbox 502 855 687 933; x_wconf 77' lang='lat' dir='ltr'>Benedicti,</span> <span class='ocrx_word' id='word_1_23' title='bbox 712 877 812 942; x_wconf 89' lang='lat' dir='ltr'>quem</span> <span class='ocrx_word' id='word_1_24' title='bbox 837 859 1042 942; x_wconf 85' lang='lat' dir='ltr'>praecipuum</span> <span class='ocrx_word' id='word_1_25' title='bbox 1066 857 1171 940; x_wconf 88' lang='lat' dir='ltr'>hujus</span> <span class='ocrx_word' id='word_1_26' title='bbox 1201 864 1327 922; x_wconf 83' lang='lat' dir='ltr'>sanctae</span> 
     </span>
     <span class='ocr_line' id='line_1_5' title="bbox 164 951 1328 1036; baseline 0.007 -21"><span class='ocrx_word' id='word_1_27' title='bbox 164 951 391 1021; x_wconf 89' lang='lat' dir='ltr'>institutionis</span> <span class='ocrx_word' id='word_1_28' title='bbox 413 956 556 1022; x_wconf 90' lang='lat' dir='ltr'>latorem</span> <span class='ocrx_word' id='word_1_29' title='bbox 578 959 721 1036; x_wconf 88' lang='lat' dir='ltr'>dedisti;</span> <span class='ocrx_word' id='word_1_30' title='bbox 744 960 874 1024; x_wconf 80' lang='lat' dir='ltr'>ne&#39;cnon</span> <span class='ocrx_word' id='word_1_31' title='bbox 896 966 933 1024; x_wconf 92' lang='lat' dir='ltr'>et</span> <span class='ocrx_word' id='word_1_32' title='bbox 954 959 1098 1025; x_wconf 90' lang='lat' dir='ltr'>aliorum</span> <span class='ocrx_word' id='word_1_33' title='bbox 1121 966 1328 1035; x_wconf 83' lang='lat' dir='ltr'>sanctorum,</span> 
     </span>
     <span class='ocr_line' id='line_1_6' title="bbox 165 1055 1327 1145; baseline 0.004 -25"><span class='ocrx_word' id='word_1_34' title='bbox 165 1055 365 1140; x_wconf 82' lang='lat' dir='ltr'>adquorum</span> <span class='ocrx_word' id='word_1_35' title='bbox 380 1060 517 1125; x_wconf 90' lang='lat' dir='ltr'>nomina</span> <span class='ocrx_word' id='word_1_36' title='bbox 538 1062 735 1145; x_wconf 74' lang='lat' dir='ltr'>petitionem</span> <span class='ocrx_word' id='word_1_37' title='bbox 757 1061 850 1127; x_wconf 84' lang='lat' dir='ltr'>facit.</span> <span class='ocrx_word' id='word_1_38' title='bbox 895 1060 980 1126; x_wconf 82' lang='lat' dir='ltr'>Eam</span> <span class='ocrx_word' id='word_1_39' title='bbox 1003 1083 1033 1131; x_wconf 75' lang='lat' dir='ltr'>a,</span> <span class='ocrx_word' id='word_1_40' title='bbox 1046 1060 1197 1126; x_wconf 80' lang='lat' dir='ltr'>vanitate</span> <span class='ocrx_word' id='word_1_41' title='bbox 1214 1062 1327 1126; x_wconf 81' lang='lat' dir='ltr'>saeculi</span> 
     </span>
     <span class='ocr_line' id='line_1_7' title="bbox 164 1159 1326 1248; baseline 0.006 -27"><span class='ocrx_word' id='word_1_42' title='bbox 164 1159 331 1225; x_wconf 78' lang='lat' dir='ltr'>veraciter</span> <span class='ocrx_word' id='word_1_43' title='bbox 346 1167 520 1239; x_wconf 85' lang='lat' dir='ltr'>converte3</span> <span class='ocrx_word' id='word_1_44' title='bbox 544 1167 579 1228; x_wconf 92' lang='lat' dir='ltr'>et</span> <span class='ocrx_word' id='word_1_45' title='bbox 602 1163 690 1228; x_wconf 87' lang='lat' dir='ltr'>sicut</span> <span class='ocrx_word' id='word_1_46' title='bbox 705 1184 742 1228; x_wconf 90' lang='lat' dir='ltr'>es</span> <span class='ocrx_word' id='word_1_47' title='bbox 760 1163 906 1228; x_wconf 90' lang='lat' dir='ltr'>omnium</span> <span class='ocrx_word' id='word_1_48' title='bbox 928 1168 1142 1248; x_wconf 84' lang='lat' dir='ltr'>peccatorum</span> <span class='ocrx_word' id='word_1_49' title='bbox 1157 1164 1326 1240; x_wconf 81' lang='lat' dir='ltr'>remissio,</span> 
     </span>
     <span class='ocr_line' id='line_1_8' title="bbox 163 1262 1326 1353; baseline 0.007 -28"><span class='ocrx_word' id='word_1_50' title='bbox 163 1262 390 1348; x_wconf 80' lang='lat' dir='ltr'>deprimentes</span> <span class='ocrx_word' id='word_1_51' title='bbox 420 1265 606 1352; x_wconf 88' lang='lat' dir='ltr'>impietatis</span> <span class='ocrx_word' id='word_1_52' title='bbox 636 1267 860 1353; x_wconf 76' lang='lat' dir='ltr'>obligationes</span> <span class='ocrx_word' id='word_1_53' title='bbox 889 1267 925 1331; x_wconf 92' lang='lat' dir='ltr'>in</span> <span class='ocrx_word' id='word_1_54' title='bbox 955 1288 996 1332; x_wconf 93' lang='lat' dir='ltr'>ea</span> <span class='ocrx_word' id='word_1_55' title='bbox 1025 1266 1184 1344; x_wconf 78' lang='lat' dir='ltr'>dissolve,</span> <span class='ocrx_word' id='word_1_56' title='bbox 1216 1272 1252 1333; x_wconf 92' lang='lat' dir='ltr'>et</span> <span class='ocrx_word' id='word_1_57' title='bbox 1283 1269 1326 1333; x_wconf 91' lang='lat' dir='ltr'>ad</span> 
     </span>
     <span class='ocr_line' id='line_1_9' title="bbox 164 1365 1326 1454; baseline 0.005 -25"><span class='ocrx_word' id='word_1_58' title='bbox 164 1365 414 1432; x_wconf 89' lang='lat' dir='ltr'>observantiam</span> <span class='ocrx_word' id='word_1_59' title='bbox 428 1367 531 1452; x_wconf 88' lang='lat' dir='ltr'>hujus</span> <span class='ocrx_word' id='word_1_60' title='bbox 547 1368 656 1434; x_wconf 87' lang='lat' dir='ltr'>sancti</span> <span class='ocrx_word' id='word_1_61' title='bbox 671 1369 836 1454; x_wconf 86' lang='lat' dir='ltr'>propositi</span> <span class='ocrx_word' id='word_1_62' title='bbox 853 1368 905 1433; x_wconf 87' lang='lat' dir='ltr'>fac</span> <span class='ocrx_word' id='word_1_63' title='bbox 921 1388 995 1432; x_wconf 87' lang='lat' dir='ltr'>eam</span> <span class='ocrx_word' id='word_1_64' title='bbox 1011 1368 1166 1434; x_wconf 79' lang='lat' dir='ltr'>certatim</span> <span class='ocrx_word' id='word_1_65' title='bbox 1182 1370 1326 1448; x_wconf 82' lang='lat' dir='ltr'>fervere,</span> 
     </span>
     <span class='ocr_line' id='line_1_10' title="bbox 163 1467 1324 1557; baseline 0.004 -25"><span class='ocrx_word' id='word_1_66' title='bbox 163 1474 203 1533; x_wconf 88' lang='lat' dir='ltr'>ut</span> <span class='ocrx_word' id='word_1_67' title='bbox 217 1467 278 1555; x_wconf 88' lang='lat' dir='ltr'>[in]</span> <span class='ocrx_word' id='word_1_68' title='bbox 292 1470 568 1536; x_wconf 78' lang='lat' dir='ltr'>tribulationibus</span> <span class='ocrx_word' id='word_1_69' title='bbox 578 1476 613 1536; x_wconf 92' lang='lat' dir='ltr'>et</span> <span class='ocrx_word' id='word_1_70' title='bbox 624 1471 792 1557; x_wconf 89' lang='lat' dir='ltr'>angustiis</span> <span class='ocrx_word' id='word_1_71' title='bbox 807 1476 867 1537; x_wconf 91' lang='lat' dir='ltr'>tua</span> <span class='ocrx_word' id='word_1_72' title='bbox 878 1470 1081 1536; x_wconf 88' lang='lat' dir='ltr'>indeficienti</span> <span class='ocrx_word' id='word_1_73' title='bbox 1092 1471 1324 1537; x_wconf 78' lang='lat' dir='ltr'>consolatione</span> 
     </span>
     <span class='ocr_line' id='line_1_11' title="bbox 162 1571 1327 1662; baseline 0.003 -26"><span class='ocrx_word' id='word_1_74' title='bbox 162 1571 277 1637; x_wconf 86' lang='lat' dir='ltr'>valeat</span> <span class='ocrx_word' id='word_1_75' title='bbox 301 1574 482 1658; x_wconf 85' lang='lat' dir='ltr'>respirare,</span> <span class='ocrx_word' id='word_1_76' title='bbox 503 1579 539 1639; x_wconf 92' lang='lat' dir='ltr'>et</span> <span class='ocrx_word' id='word_1_77' title='bbox 561 1574 654 1658; x_wconf 86' lang='lat' dir='ltr'>juste</span> <span class='ocrx_word' id='word_1_78' title='bbox 677 1579 712 1640; x_wconf 89' lang='lat' dir='ltr'>et</span> <span class='ocrx_word' id='word_1_79' title='bbox 734 1575 788 1662; x_wconf 90' lang='lat' dir='ltr'>pie</span> <span class='ocrx_word' id='word_1_80' title='bbox 813 1593 1011 1658; x_wconf 75' lang='lat' dir='ltr'>pernetam</span> <span class='ocrx_word' id='word_1_81' title='bbox 1036 1574 1266 1639; x_wconf 74' lang='lat' dir='ltr'>humilitatem</span> <span class='ocrx_word' id='word_1_82' title='bbox 1291 1581 1327 1640; x_wconf 91' lang='lat' dir='ltr'>et</span> 
     </span>
     <span class='ocr_line' id='line_1_12' title="bbox 162 1675 1325 1761; baseline 0.006 -24"><span class='ocrx_word' id='word_1_83' title='bbox 162 1675 386 1740; x_wconf 86' lang='lat' dir='ltr'>obedientiam</span> <span class='ocrx_word' id='word_1_84' title='bbox 412 1677 448 1740; x_wconf 91' lang='lat' dir='ltr'>in</span> <span class='ocrx_word' id='word_1_85' title='bbox 473 1677 628 1742; x_wconf 86' lang='lat' dir='ltr'>fraterna</span> <span class='ocrx_word' id='word_1_86' title='bbox 657 1678 799 1744; x_wconf 87' lang='lat' dir='ltr'>caritate</span> <span class='ocrx_word' id='word_1_87' title='bbox 824 1675 977 1754; x_wconf 86' lang='lat' dir='ltr'>fundata,</span> <span class='ocrx_word' id='word_1_88' title='bbox 1004 1676 1093 1761; x_wconf 89' lang='lat' dir='ltr'>quod</span> <span class='ocrx_word' id='word_1_89' title='bbox 1118 1682 1153 1742; x_wconf 93' lang='lat' dir='ltr'>te</span> <span class='ocrx_word' id='word_1_90' title='bbox 1178 1678 1325 1744; x_wconf 88' lang='lat' dir='ltr'>donante</span> 
     </span>
     <span class='ocr_line' id='line_1_13' title="bbox 161 1777 1328 1865; baseline 0.008 -27"><span class='ocrx_word' id='word_1_91' title='bbox 161 1777 331 1862; x_wconf 89' lang='lat' dir='ltr'>promittit</span> <span class='ocrx_word' id='word_1_92' title='bbox 345 1778 436 1843; x_wconf 83' lang='lat' dir='ltr'>felici</span> <span class='ocrx_word' id='word_1_93' title='bbox 458 1781 714 1864; x_wconf 86' lang='lat' dir='ltr'>perseverantia</span> <span class='ocrx_word' id='word_1_94' title='bbox 728 1779 906 1863; x_wconf 89' lang='lat' dir='ltr'>compleat.</span> <span class='ocrx_word' id='word_1_95' title='bbox 952 1779 1047 1864; x_wconf 73' lang='lat' dir='ltr'>Quod</span> <span class='ocrx_word' id='word_1_96' title='bbox 1070 1779 1143 1865; x_wconf 90' lang='lat' dir='ltr'>ipse</span> <span class='ocrx_word' id='word_1_97' title='bbox 1164 1789 1328 1865; x_wconf 71' lang='lat' dir='ltr'>prestare</span> 
     </span>
     <span class='ocr_line' id='line_1_14' title="bbox 163 1878 1328 1968; baseline 0.004 -25"><span class='ocrx_word' id='word_1_98' title='bbox 163 1878 324 1964; x_wconf 89' lang='lat' dir='ltr'>digneris,</span> <span class='ocrx_word' id='word_1_99' title='bbox 339 1880 397 1965; x_wconf 88' lang='lat' dir='ltr'>qui</span> <span class='ocrx_word' id='word_1_100' title='bbox 418 1902 494 1946; x_wconf 92' lang='lat' dir='ltr'>cum</span> <span class='ocrx_word' id='word_1_101' title='bbox 515 1880 588 1947; x_wconf 90' lang='lat' dir='ltr'>Deo</span> <span class='ocrx_word' id='word_1_102' title='bbox 611 1883 713 1948; x_wconf 88' lang='lat' dir='ltr'>Patre</span> <span class='ocrx_word' id='word_1_103' title='bbox 737 1886 920 1967; x_wconf 90' lang='lat' dir='ltr'>sanctoque</span> <span class='ocrx_word' id='word_1_104' title='bbox 942 1881 1119 1967; x_wconf 90' lang='lat' dir='ltr'>unigenito</span> <span class='ocrx_word' id='word_1_105' title='bbox 1141 1881 1230 1947; x_wconf 89' lang='lat' dir='ltr'>Filio</span> <span class='ocrx_word' id='word_1_106' title='bbox 1252 1887 1328 1968; x_wconf 86' lang='lat' dir='ltr'>ejus</span> 
     </span>
     <span class='ocr_line' id='line_1_15' title="bbox 162 1979 1328 2070; baseline 0.005 -24"><span class='ocrx_word' id='word_1_107' title='bbox 162 1979 306 2046; x_wconf 92' lang='lat' dir='ltr'>Domino</span> <span class='ocrx_word' id='word_1_108' title='bbox 318 1988 439 2049; x_wconf 24' lang='lat' dir='ltr'>nostro,</span> <span class='ocrx_word' id='word_1_109' title='bbox 447 1983 470 2047; x_wconf 86' lang='lat' dir='ltr'><strong>J</strong></span> <span class='ocrx_word' id='word_1_110' title='bbox 472 2005 533 2049; x_wconf 89' lang='lat' dir='ltr'>esu</span> <span class='ocrx_word' id='word_1_111' title='bbox 545 1983 682 2050; x_wconf 79' lang='lat' dir='ltr'>Christo</span> <span class='ocrx_word' id='word_1_112' title='bbox 698 1984 784 2050; x_wconf 89' lang='lat' dir='ltr'>vivis</span> <span class='ocrx_word' id='word_1_113' title='bbox 798 1988 834 2049; x_wconf 91' lang='lat' dir='ltr'>et</span> <span class='ocrx_word' id='word_1_114' title='bbox 847 1983 1007 2070; x_wconf 85' lang='lat' dir='ltr'>gloriaris</span> <span class='ocrx_word' id='word_1_115' title='bbox 1021 1982 1126 2063; x_wconf 82' lang='lat' dir='ltr'>Deus,</span> <span class='ocrx_word' id='word_1_116' title='bbox 1137 2005 1200 2070; x_wconf 88' lang='lat' dir='ltr'>per</span> <span class='ocrx_word' id='word_1_117' title='bbox 1214 1987 1328 2052; x_wconf 89' lang='lat' dir='ltr'>omnia</span> 
     </span>
     <span class='ocr_line' id='line_1_16' title="bbox 163 2084 673 2152; baseline 0 -3"><span class='ocrx_word' id='word_1_118' title='bbox 163 2084 285 2150; x_wconf 75' lang='lat' dir='ltr'>saecula</span> <span class='ocrx_word' id='word_1_119' title='bbox 300 2086 509 2152; x_wconf 87' lang='lat' dir='ltr'>saeculorum.</span> <span class='ocrx_word' id='word_1_120' title='bbox 553 2087 673 2152; x_wconf 89' lang='lat' dir='ltr'>Amen.</span> 
     </span>
    </p>

    <p class='ocr_par' dir='ltr' id='par_1_4' title="bbox 203 2187 835 2266">
     <span class='ocr_line' id='line_1_17' title="bbox 203 2187 835 2266; baseline -0.002 -18"><span class='ocrx_word' id='word_1_121' title='bbox 203 2188 284 2248; x_wconf 78' lang='lat' dir='ltr'>Tunc</span> <span class='ocrx_word' id='word_1_122' title='bbox 297 2190 425 2266; x_wconf 79' lang='lat' dir='ltr'>seqnitur</span> <span class='ocrx_word' id='word_1_123' title='bbox 438 2190 593 2248; x_wconf 78' lang='lat' dir='ltr'>benedictio</span> <span class='ocrx_word' id='word_1_124' title='bbox 605 2188 768 2260; x_wconf 80' lang='lat' dir='ltr'>velaminis,</span> <span class='ocrx_word' id='word_1_125' title='bbox 783 2187 835 2248; x_wconf 83' lang='lat' dir='ltr'>aie.</span> 
     </span>
    </p>

    <p class='ocr_par' dir='ltr' id='par_1_5' title="bbox 160 2282 1331 2676">
     <span class='ocr_line' id='line_1_18' title="bbox 210 2282 1331 2371; baseline 0.004 -23"><span class='ocrx_word' id='word_1_126' title='bbox 210 2283 416 2369; x_wconf 87' lang='lat' dir='ltr'>Suppliciter</span> <span class='ocrx_word' id='word_1_127' title='bbox 428 2290 462 2350; x_wconf 90' lang='lat' dir='ltr'>te</span> <span class='ocrx_word' id='word_1_128' title='bbox 477 2306 647 2371; x_wconf 82' lang='lat' dir='ltr'>rogamus,</span> <span class='ocrx_word' id='word_1_129' title='bbox 663 2282 817 2361; x_wconf 89' lang='lat' dir='ltr'>Domine,</span> <span class='ocrx_word' id='word_1_130' title='bbox 834 2287 874 2348; x_wconf 90' lang='lat' dir='ltr'>ut</span> <span class='ocrx_word' id='word_1_131' title='bbox 895 2303 997 2369; x_wconf 86' lang='lat' dir='ltr'>super</span> <span class='ocrx_word' id='word_1_132' title='bbox 1010 2283 1098 2349; x_wconf 88' lang='lat' dir='ltr'>banc</span> <span class='ocrx_word' id='word_1_133' title='bbox 1114 2289 1243 2350; x_wconf 88' lang='lat' dir='ltr'>vestem</span> <span class='ocrx_word' id='word_1_134' title='bbox 1265 2291 1331 2352; x_wconf 82' lang='lat' dir='ltr'>tuae</span> 
     </span>
     <span class='ocr_line' id='line_1_19' title="bbox 163 2386 1323 2476; baseline 0.003 -25"><span class='ocrx_word' id='word_1_135' title='bbox 163 2387 267 2471; x_wconf 86' lang='lat' dir='ltr'>capiti</span> <span class='ocrx_word' id='word_1_136' title='bbox 293 2387 422 2452; x_wconf 79' lang='lat' dir='ltr'>ancilla</span> <span class='ocrx_word' id='word_1_137' title='bbox 447 2387 680 2473; x_wconf 91' lang='lat' dir='ltr'>imponendam</span> <span class='ocrx_word' id='word_1_138' title='bbox 707 2386 936 2476; x_wconf 60' lang='lat' dir='ltr'>beneffldictio</span> <span class='ocrx_word' id='word_1_139' title='bbox 961 2392 1023 2452; x_wconf 89' lang='lat' dir='ltr'>tua</span> <span class='ocrx_word' id='word_1_140' title='bbox 1045 2387 1240 2474; x_wconf 89' lang='lat' dir='ltr'>benigniter</span> <span class='ocrx_word' id='word_1_141' title='bbox 1265 2390 1323 2455; x_wconf 90' lang='lat' dir='ltr'>de·</span> 
     </span>
     <span class='ocr_line' id='line_1_20' title="bbox 161 2489 1321 2575; baseline 0.005 -22"><span class='ocrx_word' id='word_1_142' title='bbox 161 2490 317 2568; x_wconf 82' lang='lat' dir='ltr'>scendat3</span> <span class='ocrx_word' id='word_1_143' title='bbox 350 2495 385 2556; x_wconf 92' lang='lat' dir='ltr'>et</span> <span class='ocrx_word' id='word_1_144' title='bbox 412 2492 458 2556; x_wconf 90' lang='lat' dir='ltr'>sit</span> <span class='ocrx_word' id='word_1_145' title='bbox 487 2491 593 2556; x_wconf 85' lang='lat' dir='ltr'>vestis</span> <span class='ocrx_word' id='word_1_146' title='bbox 620 2490 690 2555; x_wconf 80' lang='lat' dir='ltr'>hac</span> <span class='ocrx_word' id='word_1_147' title='bbox 716 2489 934 2573; x_wconf 61' lang='lat' dir='ltr'>beneffldicta</span> <span class='ocrx_word' id='word_1_148' title='bbox 957 2494 994 2556; x_wconf 91' lang='lat' dir='ltr'>et</span> <span class='ocrx_word' id='word_1_149' title='bbox 1018 2494 1259 2575; x_wconf 60' lang='lat' dir='ltr'>consecrafflta</span> <span class='ocrx_word' id='word_1_150' title='bbox 1284 2503 1321 2559; x_wconf 84' lang='lat' dir='ltr'>et</span> 
     </span>
     <span class='ocr_line' id='line_1_21' title="bbox 160 2591 917 2676; baseline 0 -20"><span class='ocrx_word' id='word_1_151' title='bbox 160 2593 375 2659; x_wconf 87' lang='lat' dir='ltr'>immaculata</span> <span class='ocrx_word' id='word_1_152' title='bbox 390 2599 424 2658; x_wconf 91' lang='lat' dir='ltr'>et</span> <span class='ocrx_word' id='word_1_153' title='bbox 440 2595 609 2676; x_wconf 56' lang='lat' dir='ltr'>sanctffla.</span> <span class='ocrx_word' id='word_1_154' title='bbox 654 2592 720 2657; x_wconf 87' lang='lat' dir='ltr'>Per</span> <span class='ocrx_word' id='word_1_155' title='bbox 734 2591 917 2657; x_wconf 78' lang='lat' dir='ltr'>Christum.</span> 
     </span>
    </p>

    <p class='ocr_par' dir='ltr' id='par_1_6' title="bbox 153 2694 1319 3282">
     <span class='ocr_line' id='line_1_22' title="bbox 199 2694 1315 2775; baseline 0.004 -21"><span class='ocrx_word' id='word_1_156' title='bbox 199 2696 314 2754; x_wconf 78' lang='lat' dir='ltr'>Deinde</span> <span class='ocrx_word' id='word_1_157' title='bbox 332 2697 459 2757; x_wconf 82' lang='lat' dir='ltr'>velamen</span> <span class='ocrx_word' id='word_1_158' title='bbox 477 2697 512 2757; x_wconf 88' lang='lat' dir='ltr'>de</span> <span class='ocrx_word' id='word_1_159' title='bbox 531 2697 665 2756; x_wconf 77' lang='lat' dir='ltr'>monitae</span> <span class='ocrx_word' id='word_1_160' title='bbox 684 2695 810 2774; x_wconf 82' lang='lat' dir='ltr'>episcopi</span> <span class='ocrx_word' id='word_1_161' title='bbox 829 2694 967 2773; x_wconf 79' lang='lat' dir='ltr'>accipiat,</span> <span class='ocrx_word' id='word_1_162' title='bbox 989 2702 1016 2754; x_wconf 87' lang='lat' dir='ltr'>et</span> <span class='ocrx_word' id='word_1_163' title='bbox 1029 2702 1123 2773; x_wconf 81' lang='lat' dir='ltr'>ponat</span> <span class='ocrx_word' id='word_1_164' title='bbox 1142 2697 1237 2775; x_wconf 81' lang='lat' dir='ltr'>capiti</span> <span class='ocrx_word' id='word_1_165' title='bbox 1255 2719 1315 2771; x_wconf 84' lang='lat' dir='ltr'>sno,</span> 
     </span>
     <span class='ocr_line' id='line_1_23' title="bbox 158 2790 413 2870; baseline 0 -20"><span class='ocrx_word' id='word_1_166' title='bbox 158 2790 265 2850; x_wconf 79' lang='lat' dir='ltr'>dicente</span> <span class='ocrx_word' id='word_1_167' title='bbox 278 2791 413 2870; x_wconf 80' lang='lat' dir='ltr'>episcopo.</span> 
     </span>
     <span class='ocr_line' id='line_1_24' title="bbox 153 2876 1317 2972; baseline 0.002 -20"><span class='ocrx_word' id='word_1_168' title='bbox 153 2876 154 2879; x_wconf 26' lang='lat'>¹</span> <span class='ocrx_word' id='word_1_169' title='bbox 200 2888 332 2972; x_wconf 88' lang='lat' dir='ltr'>Accipe,</span> <span class='ocrx_word' id='word_1_170' title='bbox 348 2887 480 2964; x_wconf 88' lang='lat' dir='ltr'>ancilla,</span> <span class='ocrx_word' id='word_1_171' title='bbox 496 2886 661 2963; x_wconf 82' lang='lat' dir='ltr'>velamen,</span> <span class='ocrx_word' id='word_1_172' title='bbox 676 2885 846 2951; x_wconf 88' lang='lat' dir='ltr'>castitatis</span> <span class='ocrx_word' id='word_1_173' title='bbox 862 2888 898 2950; x_wconf 89' lang='lat' dir='ltr'>et</span> <span class='ocrx_word' id='word_1_174' title='bbox 919 2884 1133 2951; x_wconf 78' lang='lat' dir='ltr'>continentia</span> <span class='ocrx_word' id='word_1_175' title='bbox 1147 2886 1317 2967; x_wconf 88' lang='lat' dir='ltr'>indicium,</span> 
     </span>
     <span class='ocr_line' id='line_1_25' title="bbox 157 2987 1317 3077; baseline 0.003 -22"><span class='ocrx_word' id='word_1_176' title='bbox 157 3013 217 3077; x_wconf 91' lang='lat' dir='ltr'>per</span> <span class='ocrx_word' id='word_1_177' title='bbox 238 2990 326 3075; x_wconf 91' lang='lat' dir='ltr'>quod</span> <span class='ocrx_word' id='word_1_178' title='bbox 353 2989 499 3074; x_wconf 88' lang='lat' dir='ltr'>Spiritus</span> <span class='ocrx_word' id='word_1_179' title='bbox 525 2988 741 3073; x_wconf 86' lang='lat' dir='ltr'>superveniat</span> <span class='ocrx_word' id='word_1_180' title='bbox 762 2987 796 3051; x_wconf 91' lang='lat' dir='ltr'>in</span> <span class='ocrx_word' id='word_1_181' title='bbox 819 2991 866 3064; x_wconf 89' lang='lat' dir='ltr'>te,</span> <span class='ocrx_word' id='word_1_182' title='bbox 888 2992 924 3052; x_wconf 89' lang='lat' dir='ltr'>et</span> <span class='ocrx_word' id='word_1_183' title='bbox 948 2987 1058 3053; x_wconf 86' lang='lat' dir='ltr'>virtus</span> <span class='ocrx_word' id='word_1_184' title='bbox 1078 2988 1248 3055; x_wconf 89' lang='lat' dir='ltr'>Altissimi</span> <span class='ocrx_word' id='word_1_185' title='bbox 1272 2993 1317 3058; x_wconf 88' lang='lat' dir='ltr'>sit</span> 
     </span>
     <span class='ocr_line' id='line_1_26' title="bbox 156 3090 1319 3180; baseline -0.001 -20"><span class='ocrx_word' id='word_1_186' title='bbox 156 3095 219 3160; x_wconf 91' lang='lat' dir='ltr'>tibi</span> <span class='ocrx_word' id='word_1_187' title='bbox 235 3093 467 3158; x_wconf 89' lang='lat' dir='ltr'>umbraculum</span> <span class='ocrx_word' id='word_1_188' title='bbox 488 3099 607 3159; x_wconf 87' lang='lat' dir='ltr'>contra</span> <span class='ocrx_word' id='word_1_189' title='bbox 624 3098 743 3157; x_wconf 87' lang='lat' dir='ltr'>aestum</span> <span class='ocrx_word' id='word_1_190' title='bbox 764 3090 928 3155; x_wconf 89' lang='lat' dir='ltr'>malarum</span> <span class='ocrx_word' id='word_1_191' title='bbox 952 3090 1193 3176; x_wconf 86' lang='lat' dir='ltr'>cogitationum</span> <span class='ocrx_word' id='word_1_192' title='bbox 1204 3117 1214 3171; x_wconf 88' lang='lat'>;</span> <span class='ocrx_word' id='word_1_193' title='bbox 1237 3115 1319 3180; x_wconf 75' lang='lat' dir='ltr'>pra·</span> 
     </span>
     <span class='ocr_line' id='line_1_27' title="bbox 158 3192 1319 3282; baseline -0.001 -17"><span class='ocrx_word' id='word_1_194' title='bbox 158 3202 271 3265; x_wconf 89' lang='lat' dir='ltr'>stante</span> <span class='ocrx_word' id='word_1_195' title='bbox 287 3197 403 3262; x_wconf 91' lang='lat' dir='ltr'>eodem</span> <span class='ocrx_word' id='word_1_196' title='bbox 419 3196 561 3261; x_wconf 91' lang='lat' dir='ltr'>Domino</span> <span class='ocrx_word' id='word_1_197' title='bbox 576 3199 693 3260; x_wconf 84' lang='lat' dir='ltr'>nostro</span> <span class='ocrx_word' id='word_1_198' title='bbox 715 3194 737 3260; x_wconf 89' lang='lat' dir='ltr'><strong>J</strong></span> <span class='ocrx_word' id='word_1_199' title='bbox 739 3215 799 3259; x_wconf 91' lang='lat' dir='ltr'>esu</span> <span class='ocrx_word' id='word_1_200' title='bbox 814 3192 961 3270; x_wconf 78' lang='lat' dir='ltr'>Christo,</span> <span class='ocrx_word' id='word_1_201' title='bbox 976 3192 1034 3276; x_wconf 90' lang='lat' dir='ltr'>qui</span> <span class='ocrx_word' id='word_1_202' title='bbox 1049 3193 1134 3259; x_wconf 82' lang='lat' dir='ltr'>vivit</span> <span class='ocrx_word' id='word_1_203' title='bbox 1148 3199 1184 3260; x_wconf 91' lang='lat' dir='ltr'>et</span> <span class='ocrx_word' id='word_1_204' title='bbox 1197 3203 1319 3282; x_wconf 85' lang='lat' dir='ltr'>regnat</span> 
     </span>
    </p>
   </div>
   <div class='ocr_carea' id='block_1_4' title="bbox 154 3293 1311 3681">
    <p class='ocr_par' dir='ltr' id='par_1_7' title="bbox 154 3293 1128 3382">
     <span class='ocr_line' id='line_1_28' title="bbox 154 3293 1128 3382; baseline -0.01 -11"><span class='ocrx_word' id='word_1_205' title='bbox 154 3326 230 3372; x_wconf 89' lang='lat' dir='ltr'>cum</span> <span class='ocrx_word' id='word_1_206' title='bbox 244 3303 315 3367; x_wconf 93' lang='lat' dir='ltr'>Deo</span> <span class='ocrx_word' id='word_1_207' title='bbox 330 3302 431 3366; x_wconf 89' lang='lat' dir='ltr'>Patre</span> <span class='ocrx_word' id='word_1_208' title='bbox 447 3299 482 3363; x_wconf 93' lang='lat' dir='ltr'>in</span> <span class='ocrx_word' id='word_1_209' title='bbox 498 3299 629 3364; x_wconf 87' lang='lat' dir='ltr'>unitate</span> <span class='ocrx_word' id='word_1_210' title='bbox 646 3297 792 3382; x_wconf 86' lang='lat' dir='ltr'>Spiritus</span> <span class='ocrx_word' id='word_1_211' title='bbox 808 3295 923 3361; x_wconf 89' lang='lat' dir='ltr'>Sancti</span> <span class='ocrx_word' id='word_1_212' title='bbox 939 3293 1042 3371; x_wconf 89' lang='lat' dir='ltr'>Deus,</span> <span class='ocrx_word' id='word_1_213' title='bbox 1057 3316 1128 3381; x_wconf 89' lang='lat' dir='ltr'>per.</span> 
     </span>
    </p>

    <p class='ocr_par' dir='ltr' id='par_1_8' title="bbox 157 3397 1311 3578">
     <span class='ocr_line' id='line_1_29' title="bbox 197 3397 1311 3481; baseline -0.013 -16"><span class='ocrx_word' id='word_1_214' title='bbox 197 3406 280 3465; x_wconf 83' lang='lat' dir='ltr'>Tunc</span> <span class='ocrx_word' id='word_1_215' title='bbox 293 3404 384 3480; x_wconf 72' lang='lat' dir='ltr'>erigat</span> <span class='ocrx_word' id='word_1_216' title='bbox 396 3424 424 3461; x_wconf 83' lang='lat' dir='ltr'>se</span> <span class='ocrx_word' id='word_1_217' title='bbox 444 3423 463 3460; x_wconf 89' lang='lat' dir='ltr'>a</span> <span class='ocrx_word' id='word_1_218' title='bbox 476 3410 553 3461; x_wconf 78' lang='lat' dir='ltr'>terra</span> <span class='ocrx_word' id='word_1_219' title='bbox 567 3399 806 3469; x_wconf 81' lang='lat' dir='ltr'>sanctimonialis,</span> <span class='ocrx_word' id='word_1_220' title='bbox 822 3397 990 3477; x_wconf 68' lang='lat' dir='ltr'>enodatque</span> <span class='ocrx_word' id='word_1_221' title='bbox 1003 3397 1043 3456; x_wconf 85' lang='lat' dir='ltr'>cd</span> <span class='ocrx_word' id='word_1_222' title='bbox 1063 3398 1236 3480; x_wconf 79' lang='lat' dir='ltr'>episcopum,</span> <span class='ocrx_word' id='word_1_223' title='bbox 1253 3397 1311 3481; x_wconf 69' lang='lat' dir='ltr'>[et]</span> 
     </span>
     <span class='ocr_line' id='line_1_30' title="bbox 157 3493 867 3578; baseline -0.014 -15"><span class='ocrx_word' id='word_1_224' title='bbox 157 3503 285 3564; x_wconf 76' lang='lat' dir='ltr'>adnudat</span> <span class='ocrx_word' id='word_1_225' title='bbox 298 3499 443 3578; x_wconf 74' lang='lat' dir='ltr'>episcopua</span> <span class='ocrx_word' id='word_1_226' title='bbox 456 3497 583 3555; x_wconf 83' lang='lat' dir='ltr'>velamen</span> <span class='ocrx_word' id='word_1_227' title='bbox 595 3516 681 3573; x_wconf 80' lang='lat' dir='ltr'>anper</span> <span class='ocrx_word' id='word_1_228' title='bbox 693 3493 786 3552; x_wconf 79' lang='lat' dir='ltr'>oculor</span> <span class='ocrx_word' id='word_1_229' title='bbox 798 3493 867 3570; x_wconf 74' lang='lat' dir='ltr'>ejno.</span> 
     </span>
    </p>

    <p class='ocr_par' dir='ltr' id='par_1_9' title="bbox 199 3589 804 3681">
     <span class='ocr_line' id='line_1_31' title="bbox 199 3589 804 3681; baseline -0.018 -17"><span class='ocrx_word' id='word_1_230' title='bbox 199 3598 366 3681; x_wconf 80' lang='lat' dir='ltr'>Sequitur</span> <span class='ocrx_word' id='word_1_231' title='bbox 383 3593 574 3657; x_wconf 81' lang='lat' dir='ltr'>benedictio</span> <span class='ocrx_word' id='word_1_232' title='bbox 589 3589 714 3655; x_wconf 82' lang='lat' dir='ltr'>annali</span> <span class='ocrx_word' id='word_1_233' title='bbox 729 3610 804 3656; x_wconf 86' lang='lat' dir='ltr'>enm</span> 
     </span>
    </p>
   </div>
   <div class='ocr_carea' id='block_1_5' title="bbox 198 3696 560 3769">
    <p class='ocr_par' dir='ltr' id='par_1_10' title="bbox 198 3696 560 3769">
     <span class='ocr_line' id='line_1_32' title="bbox 198 3696 560 3769; baseline -0.028 0"><span class='ocrx_word' id='word_1_234' title='bbox 198 3701 362 3769; x_wconf 93' lang='lat' dir='ltr'>Dominus</span> <span class='ocrx_word' id='word_1_235' title='bbox 377 3696 560 3762; x_wconf 86' lang='lat' dir='ltr'>vobiscum.</span> 
     </span>
    </p>
   </div>
   <div class='ocr_carea' id='block_1_6' title="bbox 199 3807 1315 3981">
    <p class='ocr_par' dir='ltr' id='par_1_11' title="bbox 199 3807 1315 3981">
     <span class='ocr_line' id='line_1_33' title="bbox 199 3807 352 3872; baseline -0.026 0"><span class='ocrx_word' id='word_1_236' title='bbox 199 3807 352 3872; x_wconf 89' lang='lat' dir='ltr'>Oremus.</span> 
     </span>
     <span class='ocr_line' id='line_1_34' title="bbox 202 3896 1315 3981; baseline -0.01 -6"><span class='ocrx_word' id='word_1_237' title='bbox 202 3910 335 3975; x_wconf 79' lang='lat' dir='ltr'>Oratio.</span> <span class='ocrx_word' id='word_1_238' title='bbox 381 3901 536 3976; x_wconf 87' lang='lat' dir='ltr'>Benedio,</span> <span class='ocrx_word' id='word_1_239' title='bbox 552 3899 705 3977; x_wconf 90' lang='lat' dir='ltr'>Domine,</span> <span class='ocrx_word' id='word_1_240' title='bbox 720 3900 809 3962; x_wconf 90' lang='lat' dir='ltr'>hunc</span> <span class='ocrx_word' id='word_1_241' title='bbox 831 3896 990 3963; x_wconf 88' lang='lat' dir='ltr'>annulum</span> <span class='ocrx_word' id='word_1_242' title='bbox 1006 3917 1106 3981; x_wconf 89' lang='lat' dir='ltr'>quem</span> <span class='ocrx_word' id='word_1_243' title='bbox 1128 3916 1192 3961; x_wconf 87' lang='lat' dir='ltr'>nos</span> <span class='ocrx_word' id='word_1_244' title='bbox 1206 3896 1242 3962; x_wconf 93' lang='lat' dir='ltr'>in</span> <span class='ocrx_word' id='word_1_245' title='bbox 1256 3901 1315 3964; x_wconf 89' lang='lat' dir='ltr'>tuo</span> 
     </span>
    </p>
   </div>
   <div class='ocr_carea' id='block_1_7' title="bbox 152 4000 1315 4294">
    <p class='ocr_par' dir='ltr' id='par_1_12' title="bbox 152 4000 1315 4294">
     <span class='ocr_line' id='line_1_35' title="bbox 154 4000 1314 4085; baseline -0.013 -5"><span class='ocrx_word' id='word_1_246' title='bbox 154 4017 271 4080; x_wconf 88' lang='lat' dir='ltr'>sancto</span> <span class='ocrx_word' id='word_1_247' title='bbox 294 4008 428 4073; x_wconf 90' lang='lat' dir='ltr'>nomine</span> <span class='ocrx_word' id='word_1_248' title='bbox 451 4002 729 4083; x_wconf 60' lang='lat' dir='ltr'>beneffldicimus,</span> <span class='ocrx_word' id='word_1_249' title='bbox 745 4006 784 4066; x_wconf 90' lang='lat' dir='ltr'>ut</span> <span class='ocrx_word' id='word_1_250' title='bbox 805 4000 994 4085; x_wconf 89' lang='lat' dir='ltr'>quicunque</span> <span class='ocrx_word' id='word_1_251' title='bbox 1017 4020 1093 4064; x_wconf 91' lang='lat' dir='ltr'>eum</span> <span class='ocrx_word' id='word_1_252' title='bbox 1115 4001 1314 4084; x_wconf 81' lang='lat' dir='ltr'>portaverit,</span> 
     </span>
     <span class='ocr_line' id='line_1_36' title="bbox 153 4102 1315 4197; baseline -0.015 -15"><span class='ocrx_word' id='word_1_253' title='bbox 153 4118 189 4182; x_wconf 91' lang='lat' dir='ltr'>in</span> <span class='ocrx_word' id='word_1_254' title='bbox 204 4120 265 4180; x_wconf 91' lang='lat' dir='ltr'>tua</span> <span class='ocrx_word' id='word_1_255' title='bbox 280 4132 361 4197; x_wconf 88' lang='lat' dir='ltr'>pace</span> <span class='ocrx_word' id='word_1_256' title='bbox 376 4109 551 4184; x_wconf 87' lang='lat' dir='ltr'>consistat,</span> <span class='ocrx_word' id='word_1_257' title='bbox 569 4111 604 4172; x_wconf 93' lang='lat' dir='ltr'>et</span> <span class='ocrx_word' id='word_1_258' title='bbox 626 4107 737 4170; x_wconf 89' lang='lat' dir='ltr'>intua</span> <span class='ocrx_word' id='word_1_259' title='bbox 758 4103 933 4168; x_wconf 90' lang='lat' dir='ltr'>voluntate</span> <span class='ocrx_word' id='word_1_260' title='bbox 948 4106 1132 4178; x_wconf 87' lang='lat' dir='ltr'>remaneat,</span> <span class='ocrx_word' id='word_1_261' title='bbox 1148 4102 1234 4166; x_wconf 85' lang='lat' dir='ltr'>etin</span> <span class='ocrx_word' id='word_1_262' title='bbox 1255 4109 1315 4167; x_wconf 88' lang='lat' dir='ltr'>tuo</span> 
     </span>
     <span class='ocr_line' id='line_1_37' title="bbox 152 4202 1312 4294; baseline -0.016 -6"><span class='ocrx_word' id='word_1_263' title='bbox 152 4238 266 4288; x_wconf 90' lang='lat' dir='ltr'>amore</span> <span class='ocrx_word' id='word_1_264' title='bbox 278 4215 380 4289; x_wconf 89' lang='lat' dir='ltr'>vivat,</span> <span class='ocrx_word' id='word_1_265' title='bbox 391 4215 530 4287; x_wconf 87' lang='lat' dir='ltr'>crescat,</span> <span class='ocrx_word' id='word_1_266' title='bbox 541 4213 576 4274; x_wconf 92' lang='lat' dir='ltr'>et</span> <span class='ocrx_word' id='word_1_267' title='bbox 588 4212 752 4286; x_wconf 88' lang='lat' dir='ltr'>senescat,</span> <span class='ocrx_word' id='word_1_268' title='bbox 762 4212 797 4271; x_wconf 92' lang='lat' dir='ltr'>et</span> <span class='ocrx_word' id='word_1_269' title='bbox 806 4205 1049 4294; x_wconf 88' lang='lat' dir='ltr'>multiplicetur</span> <span class='ocrx_word' id='word_1_270' title='bbox 1057 4203 1093 4269; x_wconf 93' lang='lat' dir='ltr'>in</span> <span class='ocrx_word' id='word_1_271' title='bbox 1104 4202 1312 4293; x_wconf 80' lang='lat' dir='ltr'>longitudine</span> 
     </span>
    </p>
   </div>
   <div class='ocr_carea' id='block_1_8' title="bbox 153 4312 792 4390">
    <p class='ocr_par' dir='ltr' id='par_1_13' title="bbox 153 4312 792 4390">
     <span class='ocr_line' id='line_1_38' title="bbox 153 4312 792 4390; baseline -0.02 -1"><span class='ocrx_word' id='word_1_272' title='bbox 153 4325 291 4390; x_wconf 84' lang='lat' dir='ltr'>dierum.</span> <span class='ocrx_word' id='word_1_273' title='bbox 335 4317 401 4382; x_wconf 94' lang='lat' dir='ltr'>Per</span> <span class='ocrx_word' id='word_1_274' title='bbox 417 4313 587 4380; x_wconf 82' lang='lat' dir='ltr'>Christum</span> <span class='ocrx_word' id='word_1_275' title='bbox 604 4312 792 4380; x_wconf 90' lang='lat' dir='ltr'>Dominum.</span> 
     </span>
    </p>
   </div>
   <div class='ocr_carea' id='block_1_9' title="bbox 0 0 1474 4996">
    <p class='ocr_par' dir='ltr' id='par_1_14' title="bbox 0 0 1474 4996">
     <span class='ocr_line' id='line_1_39' title="bbox 0 0 1474 4996; baseline 0 3"><span class='ocrx_word' id='word_1_276' title='bbox 0 0 1474 4996; x_wconf 95' lang='lat' dir='ltr'> </span> 
     </span>
    </p>
   </div>
  </div>
 </body>
</html>
