2940 4996
164 400 226 462 192
481 400 738 464 Benedictioaes
756 398 990 480 Episcopotcs.

198 604 236 662 [a
252 604 485 662 denuntiatione
499 605 584 663 beatae
598 604 719 662 Murice.

197 801 299 878 Deus,
316 801 384 885 qui,
400 823 474 866 cum
490 806 524 866 te
547 822 614 864 non
635 802 772 885 capiunt
790 801 874 879 coeli,
890 800 1052 886 dignatus
1068 821 1105 865 es
1129 800 1164 864 in
1187 803 1311 885 templo

155 906 243 968 uteri
258 904 433 990 virginalis
455 904 591 981 includi,
607 911 646 969 ut
660 910 770 969 mater
791 905 925 990 integra
947 905 1088 969 haberet
1108 908 1145 969 et
1168 905 1310 969 fructum

154 1013 194 1074 de
229 1011 361 1095 spiritu,
392 1015 426 1075 et
459 1010 741 1094 incorruptionem
774 1012 815 1075 de
849 1015 959 1095 partu,
991 1011 1035 1074 da
1064 1009 1213 1075 ecclesiae
1249 1016 1310 1074 tuae

154 1116 325 1180 custodem
352 1114 519 1200 angelum,
546 1114 604 1197 qui
631 1119 664 1177 te
691 1114 814 1177 Filium
846 1114 974 1191 Mariae,
998 1114 1061 1178 fide
1090 1114 1310 1198 concipiente,

156 1218 311 1302 praedixit
326 1238 401 1281 esse
415 1217 577 1281 futurum.
623 1219 741 1279 Amen.
808 1248 810 1252 ·

197 1322 391 1386 Sanctificet
412 1341 548 1405 gregem
571 1325 668 1384 tuum
689 1319 750 1384 illa
771 1319 970 1396 benedictio,
993 1340 1065 1403 qua
1089 1320 1161 1382 sine
1185 1318 1310 1382 semine

153 1427 299 1488 humano
314 1423 572 1506 Redemptorem
588 1421 728 1507 virginis
743 1421 902 1487 formavit
914 1422 949 1485 in
965 1427 1072 1485 utero.
1117 1421 1237 1484 Amen.

196 1528 244 1592 Ut
269 1535 303 1590 te
325 1529 521 1611 protegente
548 1524 697 1589 exsultet
719 1524 861 1589 ecclesia
887 1525 928 1588 de
951 1529 1156 1609 congregato
1178 1522 1311 1608 populo,

154 1631 241 1694 sicut
256 1630 356 1693 beata
371 1628 466 1713 virgo
482 1627 605 1692 meruit
620 1626 759 1712 gloriari
775 1629 816 1692 de
831 1627 944 1692 fructu
959 1627 1118 1712 pretioso.
1165 1626 1284 1689 Amen.

197 1733 290 1817 Quod
305 1732 388 1816 ipse.

194 1935 355 1994 Dominicu
369 1935 402 1994 iu
416 1936 520 1994 Remis
534 1936 715 1995 Pulmoram.

197 2138 377 2203 Benedicat
393 2159 453 2202 vos
466 2138 676 2222 omnipotens
689 2137 792 2215 Deus,
803 2138 856 2203 cui
868 2136 1074 2221 jejuniorum
1086 2136 1313 2201 maceratione

154 2249 189 2305 et
204 2241 418 2327 praesentium
435 2241 563 2304 dierum
579 2241 813 2305 observatione
829 2240 962 2325 placere
979 2240 1134 2315 studetis,
1147 2244 1315 2323 quatenus

156 2347 197 2409 ad
228 2352 359 2410 aeternae
394 2345 573 2410 suavitatis
606 2344 822 2410 refectionem
853 2345 928 2430 ipso
962 2344 1106 2408 donante
1136 2344 1313 2429 pervenire

156 2447 303 2531 possitis.
348 2449 467 2511 Amen.

199 2552 431 2634 Concedatque
448 2550 552 2626 vobis,
569 2554 608 2613 ut
624 2550 711 2614 sicut
726 2549 757 2613 ei
773 2570 847 2613 cum
863 2547 1170 2635 ramispalmarum
1187 2553 1313 2612 cetera-

155 2674 269 2716 rumve
284 2653 451 2716 frondium
464 2653 659 2736 praesentari
676 2651 864 2728 studuistis,
876 2652 925 2717 ita
940 2673 1014 2716 cum
1029 2650 1142 2735 palma
1157 2651 1313 2726 victoria,

156 2762 191 2818 et
205 2755 317 2819 fructu
333 2756 493 2819 bonorum
509 2775 658 2838 operum,
675 2755 705 2817 ei
730 2761 807 2839 post
822 2755 948 2818 obitum
970 2773 1135 2837 apparere
1157 2753 1314 2818 valeatis.

157 2861 273 2921 Amen.
1237 2872 1240 2876 ·

199 2961 326 3044 Quique
350 2960 526 3046 Unigeniti
542 2961 621 3025 Filii
642 2959 715 3042 ejus
737 2959 929 3044 passionem
945 2979 1028 3042 puro
1052 2957 1150 3022 corde
1166 2958 1313 3032 creditis,

155 3071 266 3128 mente
282 3066 403 3128 devota
418 3065 571 3129 venerari
588 3064 743 3140 studetis,
754 3064 796 3127 ad
811 3062 1067 3128 resurrectionis
1083 3062 1156 3145 ejus
1172 3061 1263 3125 festa
1278 3069 1313 3125 et

156 3176 274 3231 vestrae
294 3167 575 3231 remunerationis
591 3167 738 3251 praemia,
754 3166 847 3230 illius
864 3164 941 3229 fulti
958 3164 1143 3228 munimine
1159 3164 1314 3228 veniatis.

154 3274 270 3335 Amen.

198 3373 291 3458 Quod
307 3373 388 3457 ipse.

192 3595 233 3654 Iu
248 3595 436 3654 translatione
450 3597 542 3653 souctc‘
558 3596 671 3654 Tdomoe
685 3596 902 3675 archiepiscopi,

197 3810 299 3888 Deus,
325 3832 527 3875 summorum
553 3813 746 3897 pontificum
773 3812 891 3899 gloria,
919 3815 1048 3875 aeternae
1075 3809 1151 3874 vitae
1179 3828 1310 3880 corona,

155 3934 215 3977 vos
248 3915 378 3979 meritis
412 3919 447 3979 et
476 3915 771 3980 intercessionibus
805 3912 1052 3999 archipresulis
1086 3918 1121 3975 et
1154 3911 1313 3996 martyris

155 4016 287 4078 'lhomae
313 4017 470 4100 dignetur
496 4019 701 4095 benedicere,
728 4018 955 4100 virtutumque
986 4014 1075 4079 omni
1103 4035 1226 4099 genere
1254 4035 1312 4077 vos

155 4119 311 4181 decenter
326 4120 464 4186 floribus
480 4123 646 4185 decorare.
692 4125 809 4186 Amen.

200 4219 326 4303 Quique
343 4221 438 4284 illum
454 4225 623 4288 castitatis
640 4224 814 4309 privilegio
836 4221 1053 4304 martyriique
1070 4218 1183 4303 palma
1198 4220 1312 4302 digna-

154 4329 209 4385 tus
234 4329 284 4385 est
310 4324 499 4402 sublimare,
517 4348 577 4391 vos
593 4328 686 4390 illius
710 4329 848 4391 obtentu
865 4326 906 4388 ab
931 4322 1019 4387 omni
1042 4321 1132 4386 malo
1156 4322 1312 4408 dignetur
