2940 4996
491 421 552 482 Ad
567 420 696 483 Manus
712 420 979 501 Impositionem.
1252 416 1314 482 331

157 627 377 684 consummes,
391 606 512 690 quibus
528 608 694 672 internos
710 613 745 672 et
760 613 919 672 aeternam
935 609 1100 673 unitatem
1115 607 1150 670 in
1163 625 1315 691 supremo

158 710 361 776 meatu'siue
377 712 443 775 fine
460 717 617 776 constare
634 711 812 776 credimus.
856 712 931 776 Per.

425 915 488 981 AD
510 917 673 982 MANUS
696 917 1044 983 IMPOSITIONEM.

201 1105 423 1189 Omnipotens
447 1105 652 1192 sempiterne
675 1106 779 1182 Deus,
796 1107 853 1190 qui
875 1127 1079 1192 regenerare
1100 1105 1260 1189 diguatus
1284 1124 1321 1167 es

155 1211 245 1274 hunc
257 1209 421 1274 famulum
437 1215 534 1275 tuum
550 1231 592 1275 ex
604 1232 694 1294 aqua
710 1216 745 1275 et
762 1210 891 1295 Spiritu
909 1212 1043 1288 Sancto,
1056 1210 1180 1295 quique
1196 1209 1320 1274 dedisti

157 1313 189 1376 ei
211 1313 446 1377 remissionem
473 1315 622 1379 omnium
648 1319 887 1398 peccatorum:
912 1319 961 1390 tu,
984 1314 1137 1389 Domine,
1160 1312 1258 1376 mitte
1285 1311 1319 1373 iu

151 1437 233 1478 >eum
266 1415 495 1500 septiformem
527 1416 687 1502 Spiritum
720 1421 816 1480 tuum
848 1417 1009 1482 Sanctum
1040 1414 1247 1482 Paraolitum
1277 1415 1318 1477 de

159 1516 261 1581 coelis.

201 1620 255 1686 Da
270 1621 301 1684 ei
319 1620 483 1705 Spiritum
500 1622 673 1706 sapientise
691 1629 725 1686 et
746 1621 960 1687 intellectus:
1008 1622 1170 1706 Spiritum
1186 1620 1320 1686 consilii

156 1729 192 1788 et
220 1724 455 1789 fortitudinis:
512 1724 673 1809 Spiritum
705 1725 852 1789 scientiae
883 1730 919 1790 et
950 1725 1107 1811 pietatis:
1162 1723 1317 1808 Adimple

158 1848 235 1889 eum
268 1827 397 1910 Spiritu
426 1827 561 1891 timoris
591 1826 655 1891 Dei
690 1833 725 1891 et
755 1826 893 1891 Domini
927 1828 1037 1892 nostri
1066 1827 1150 1910 Jesu
1180 1825 1318 1904 Christi,

159 1934 194 1993 et
224 1930 388 2013 consigna
418 1951 494 1993 eum
526 1930 622 2014 signo
658 1933 781 1994 sanctae
812 1929 921 1993 crucis
952 1935 1018 1995 tusa
1048 1929 1253 2013 propitiatus
1282 1929 1318 1992 in
1433 2009 1437 2013 .

158 2032 265 2097 vitam
298 2038 468 2096 aeternam.
514 2033 580 2097 Per
616 2034 755 2096 eundem
792 2031 973 2096 Dominum
1010 2038 1162 2096 nostrum
1199 2032 1317 2095 Jesum

157 2135 340 2210 Christum,
364 2135 489 2198 Filium
510 2139 618 2211 tuum,
640 2156 714 2200 cum
738 2156 805 2218 quo
828 2134 915 2197 vivis
938 2140 972 2199 et
992 2155 1117 2218 regnas
1142 2132 1236 2197 Deus
1257 2154 1318 2217 per

158 2237 271 2300 omnia
287 2237 410 2301 saecula
425 2236 632 2301 sacculorum.
678 2241 797 2300 Amen.

199 2341 320 2424 Accipe
345 2340 478 2425 signum
500 2341 609 2404 crucis
625 2340 805 2404 chrismate
830 2338 952 2404 salutis
974 2339 1009 2402 in
1033 2338 1168 2403 Christo
1182 2337 1266 2402 Jesu
1281 2339 1315 2402 in

158 2443 262 2507 vitam
278 2446 448 2506 aetcrnam.
492 2445 611 2507 Amen.
1027 2459 1030 2463 “

200 2547 287 2609 Ecce
319 2545 367 2609 sic
397 2546 614 2610 benedicetur
644 2546 751 2608 omnis
781 2546 880 2609 homo
911 2546 968 2629 qui
997 2546 1097 2609 timet
1125 2544 1316 2609 Dominum.

159 2650 342 2715 Benedicat
363 2652 426 2714 tibi
450 2650 613 2715 Dominus
636 2670 679 2713 ex
707 2648 797 2724 Sion,
821 2653 856 2713 et
882 2646 999 2714 videas
1026 2671 1098 2733 quse
1121 2649 1210 2714 bona
1237 2654 1317 2713 suut

159 2753 194 2816 in
209 2751 427 2816 Hierusalem
442 2752 598 2816 omnibus
613 2751 733 2814 diebus
749 2751 826 2815 vitae
842 2757 918 2816 tuae.
963 2753 1080 2816 Amen.

421 2965 734 3034 CONSECRATIO
757 2967 1045 3035 CHRISMALIS.

204 3175 356 3248 Oremus,
372 3173 496 3237 fratres
518 3176 694 3250 carissimi,
712 3181 750 3239 ut
771 3173 864 3238 Deus
887 3170 1097 3254 omnipotens
1120 3169 1182 3233 hoc
1205 3169 1318 3232 minis-

159 3276 282 3339 terium
298 3277 447 3359 corporis
471 3277 550 3339 Filii
567 3279 618 3340 sui
641 3277 775 3341 Domini
795 3275 901 3340 nostri
915 3275 937 3338 J
939 3295 998 3337 esu
1022 3273 1147 3337 Christi
1163 3271 1317 3356 gerulum

158 3377 386 3442 benedictione
398 3380 680 3456 sanctificationis,
691 3379 855 3443 tutamine
865 3375 1067 3441 defensionis
1083 3380 1118 3439 et
1128 3374 1316 3438 donationis

157 3485 295 3568 implere
312 3485 479 3569 dignetur,
496 3487 669 3550 orantibus
684 3487 790 3548 nobis.
836 3485 901 3548 Per
916 3483 1068 3546 eundem.

198 3587 285 3643 Alia.

201 3682 421 3766 Omnipotens
445 3682 570 3748 Sancta
592 3683 749 3757 Trinitas,
766 3681 867 3757 Deus,
891 3680 1044 3744 manibus
1068 3679 1194 3741 nostris
1216 3697 1312 3760 opem

156 3791 221 3850 tuce
237 3785 478 3848 benedictionis
495 3785 642 3860 infunde,
658 3790 705 3860 ut,
721 3806 781 3869 per
797 3789 946 3848 nostram
962 3780 1232 3854 benedictionem,
1249 3779 1312 3842 hoc

155 3888 328 3953 vasculum
345 3889 582 3964 sanctificetur,
598 3894 633 3952 et
648 3888 797 3970 corporis
813 3887 938 3951 Christi
961 3906 1082 3948 novum
1099 3881 1311 3967 sepulchrum

156 3991 301 4076 Spiritus
318 3990 430 4056 Sancti
446 3993 558 4077 gratia
573 3991 776 4074 perficiatur.
821 3991 895 4054 Per.
