2940 4996
366 827 368 832 ·
436 831 438 835 ·
487 776 745 892 asotosmo
759 771 1004 927 sconsam.
1107 775 1109 779 ⁴
1163 770 1199 825 ¹

159 1003 164 1034 ἲ
205 1026 279 1090 Haec
289 1016 329 1087 ad
337 1027 456 1088 'ecclesiae
469 1016 674 1090 dedicationem
688 1029 754 1090 sunt
766 1029 1125 1091 necessaria-Duodecim
1138 1049 1230 1088 cruces
1239 1026 1327 1108 picta

160 1118 237 1200 Totis
257 1131 283 1183 ct
302 1123 450 1182 duodecim
469 1123 570 1196 intus;
589 1125 695 1202 nipinti
714 1133 835 1203 quatuor
854 1125 954 1184 cereoli
973 1132 998 1182 et
1011 1124 1125 1183 totidem
1138 1124 1214 1183 claui
1227 1123 1327 1200 quitus

161 1219 268 1280 cereoli
277 1218 445 1296 infimatur,
456 1217 603 1276 duodecim
607 1219 685 1293 focis
697 1227 723 1278 et
732 1219 880 1278 datadecim
893 1219 970 1277 intus
983 1238 1067 1296 super
1076 1219 1203 1295 simpulus
1216 1237 1329 1289 cmtces5

161 1325 238 1376 crum
250 1313 386 1392 pauenda
405 1313 438 1371 in
458 1312 550 1372 medio
568 1314 671 1373 altaris
691 1336 755 1374 cum
774 1315 937 1374 dedicatum
948 1313 1042 1391 fucrit
1051 1337 1063 1387 ;
1083 1315 1252 1373 candelabra
1273 1313 1329 1372 dua

162 1422 234 1470 'cum
247 1408 333 1468 cercis
352 1408 392 1466 ad
409 1408 571 1486 ponendum
583 1409 617 1467 in
637 1408 743 1468 duobus
756 1410 885 1469 counitus
907 1409 1032 1480 altaris;
1052 1409 1227 1467 thuribulum
1241 1417 1266 1466 et
1285 1408 1333 1466 in-

168 1525 282 1564 censum
289 1525 301 1575 ‚·
323 1510 448 1575 teutum;
468 1504 618 1576 sabulum
638 1526 688 1562 aas
696 1505 815 1583 plenum
833 1525 908 1582 aqua
922 1505 955 1562 in
968 1504 1061 1562 medio
1074 1505 1211 1576 ecclcsia;
1231 1524 1277 1561 cea
1289 1502 1333 1562 acl

165 1598 399 1679 nuatumeat'm
418 1597 517 1655 uinum
528 1620 540 1670 ;
552 1600 597 1656 sal
605 1608 630 1658 et
640 1599 765 1671 cincnes;
784 1619 902 1677 ysopum
913 1620 925 1670 ;
944 1599 1034 1658 oleum
1043 1609 1169 1659 sanctum
1179 1621 1191 1671 ;
1204 1599 1309 1657 crisma
1319 1618 1332 1671 ‚⁸

169 1693 258 1752 sedile
269 1713 281 1764 ;
312 1700 438 1770 tapetum
448 1713 461 1765 ‚·
490 1693 586 1752 bacini
596 1715 608 1765 ;
640 1693 851 1770 manutergium
881 1693 921 1752 ad
949 1694 1118 1771 cinpendum
1148 1693 1307 1772 episcopum
1319 1711 1331 1766 5

164 1786 391 1868 pannialtanis.

213 1880 257 1940 In
271 1881 422 1959 papilione
441 1880 484 1938 uel
502 1881 620 1939 tentorio
642 1888 717 1940 tenso
738 1889 803 1940 ante
819 1881 913 1959 majus
933 1883 1035 1941 ostium
1054 1882 1172 1942 ecclesiae
1191 1882 1335 1961 episcopua

163 1976 281 2036 <induat
294 1997 321 2034 se
334 1975 519 2034 mediocribus
533 1976 651 2034 uestitus
664 1977 762 2049 sacris,
775 1977 880 2036 scilicet
893 1977 967 2049 alla,
983 1979 1063 2049 stola,
1079 1978 1237 2056 manipulo,
1251 1997 1334 2055 capo,

167 2073 272 2145 mitra,
282 2080 307 2130 et
315 2071 485 2130 chirothecis.
526 2071 674 2131 Induatur
685 2073 771 2148 ctiam
781 2073 917 2132 diaconus
928 2073 1004 2146 alba,
1016 2074 1088 2132 stola
1097 2094 1162 2132 cum
1172 2073 1331 2154 manipulo,

164 2167 308 2248 psallente
320 2166 436 2225 interim
449 2167 521 2233 clero
533 2167 581 2225 lios
592 2167 715 2244 psalmos
728 2167 875 2227 uidelicet:

163 2287 172 2312 2
215 2262 239 2327 J
240 2258 337 2327 udica
352 2282 404 2324 me
419 2260 521 2326 Deus.
566 2260 625 2341 [Ps
641 2261 723 2348 xlii]

166 2367 169 2372 ’
217 2365 324 2451 Quam
340 2364 472 2429 dilecta.
517 2363 575 2444 [ΡΒ
589 2363 731 2449 lxxxiii]

219 2469 392 2533 Memento
408 2466 559 2531 Domine.
603 2465 660 2547 [Pe
677 2465 800 2552 cxxxi]

162 2585 170 2603 ¹
199 2561 307 2637 ·Ecee
322 2581 421 2654 quam
436 2572 567 2637 bonum.
612 2569 680 2650 [Ps.
697 2570 832 2649 cxxxii]

177 2694 256 2742 cum
272 2674 473 2755 antiphona.

224 2931 526 2999 Ve-niDo-mi-nc.
559 2952 586 3007 οἰ
606 2953 630 2994 ιι
661 2952 681 2995 0
712 2953 735 2994 u
764 2951 786 2995 a
818 2951 847 2995 e.

225 3036 332 3121 Kyrie
348 3035 483 3098 eleison.

228 3139 362 3204 Christe
378 3136 514 3201 eleison.

227 3240 333 3326 Kys-ie
349 3237 484 3305 cleison.

227 3343 332 3409 Pater
345 3346 468 3406 noster.

224 3443 360 3520 Pomifea
379 3450 484 3514 autem
501 3447 578 3501 stans
597 3445 676 3532 cutm
695 3439 848 3514 ecclesiam,
869 3447 896 3502 et
915 3440 1046 3504 taculum
1060 3443 1235 3525 pastoralem
1253 3464 1344 3504 manu

182 3532 291 3613 anan,
304 3539 393 3598 dieat.
428 3530 430 3534 ’

170 3678 174 3684 -
230 3635 279 3702 Et
292 3656 334 3700 ne
348 3652 421 3698 noe.

229 3737 376 3804 Ostende
390 3732 498 3812 nobis,
513 3732 664 3811 Domine,
679 3731 939 3800 misericomiinm
953 3738 1057 3802 tuem.

231 3839 326 3918 Esto,
341 3838 447 3915 nobis,
461 3834 613 3913 Domine,
628 3833 734 3901 tumis
748 3835 968 3904 fortitudinis.

230 3941 310 4008 Non
324 3940 431 4017 nobis,
445 3938 598 4016 Domine,
612 3957 679 4002 non
693 3936 801 4003 nobis.

233 4043 376 4111 Domine
391 4040 521 4108 exaudi.

234 4145 399 4214 Dominus
413 4144 594 4210 vobiscum»

177 4295 182 4318 2
233 4250 339 4330 Deus,
354 4249 412 4336 qui
432 4253 574 4336 paterna
586 4243 764 4331 majestate
785 4244 886 4333 ignea
903 4245 1052 4318 claustro
1072 4249 1227 4338 dirupisti
1248 4250 1348 4335 infer·

191 4375 322 4434 norum,
338 4357 374 4420 et
395 4350 555 4438 sanguine
570 4354 628 4416 tuo
649 4347 809 4436 populum
830 4348 893 4416 tibi
913 4352 1087 4438 acquisisti
1101 4353 1349 4442 sempiternum,
