2940 4996
580 405 779 469 Benedictio
797 405 913 488 Regis.
1257 402 1323 467 349

160 588 264 652 terris
297 591 462 656 redditam
496 594 750 670 demonstrasti,
782 594 970 677 iterumque
1008 594 1123 657 Aaron
1158 591 1321 658 famulum

160 696 257 755 tuum
281 716 341 778 per
362 698 551 760 unctionem
570 697 635 761 olei
660 698 869 763 sacerdotem
894 697 1050 773 sanxisti,
1067 702 1102 760 et
1124 702 1242 781 postea
1263 717 1324 780 per

162 795 265 878 hujus
278 801 442 882 unguenti
456 800 658 863 infusionem
671 801 714 864 ad
726 800 911 885 regendum
924 800 1084 884 populum
1094 799 1323 864 Israeliticum

165 900 366 978 sacerdotes,
384 924 483 988 reges
506 909 540 967 et
556 905 741 988 prophetas
762 903 947 988 perfecisti,
962 903 1161 988 vultumque
1178 903 1326 966 ecclesiae

163 1002 196 1062 in
214 1001 288 1065 oleo
302 1005 558 1070 exhilarandum
573 1027 633 1090 per
647 1008 879 1091 propheticam
891 1006 1009 1069 famuli
1025 1008 1076 1071 tui
1088 1028 1202 1071 vocem
1215 1007 1325 1071 David

164 1125 239 1168 esse
252 1108 436 1189 praedixisti
449 1133 456 1185 ;
480 1111 528 1174 ita
543 1131 743 1194 quaesumus,
754 1111 966 1193 omnipotens
979 1110 1091 1186 Pater,
1102 1116 1135 1174 et
1152 1131 1213 1194 per
1222 1109 1324 1192 hujus

164 1213 326 1273 creaturae
350 1212 598 1297 pinguedinem,
621 1213 711 1276 hune
738 1234 873 1276 servum
900 1220 998 1276 tuum
1025 1212 1236 1276 sanctificare
1263 1217 1324 1276 tua

164 1310 396 1376 benedictione
407 1315 564 1400 digneris,
577 1336 718 1400 eumque
729 1316 763 1379 in
774 1315 1027 1379 similitudinem
1037 1317 1197 1379 columbae
1208 1335 1323 1399 pacem

164 1415 393 1499 simplicitatis
406 1419 528 1503 populo
542 1422 603 1484 sibi
617 1421 751 1483 subdito
763 1424 935 1504 praestare,
950 1425 985 1484 et
997 1420 1150 1504 exempla
1161 1421 1275 1484 Aaron
1289 1421 1323 1483 in

163 1517 226 1580 Dei
244 1521 383 1584 servitio
400 1522 580 1606 diligenter
602 1523 741 1598 imitari,
757 1543 941 1607 regumque
964 1522 1104 1607 fastigia
1120 1522 1154 1586 in
1176 1523 1328 1587 consiliis

165 1623 313 1687 scientiae
330 1632 364 1688 et
379 1628 536 1708 aequitate
549 1627 667 1710 judieii
686 1648 818 1710 semper
833 1627 980 1710 assequi,
996 1626 1192 1710 vultumque
1208 1627 1326 1690 hilari·

164 1725 249 1788 tatis
280 1748 340 1810 per
370 1729 456 1792 hanc
483 1730 548 1793 olei
577 1730 771 1794 unctionem
802 1734 962 1812 tuamque
987 1729 1264 1808 benedictionem,
1290 1737 1325 1796 te

164 1829 357 1911 adjuvante,
373 1835 555 1897 commissae
573 1834 663 1918 plebi
679 1841 836 1917 paratum
852 1835 976 1898 habere
992 1834 1108 1898 facias.
1155 1835 1230 1898 Per.

205 1932 379 1993 Benedictio.

222 2029 375 2106 Benedic,
406 2032 557 2109 Domine,
586 2036 674 2097 hunc
705 2034 878 2118 praesulem
911 2035 1104 2119 principem,
1131 2038 1188 2118 qui
1219 2058 1325 2122 regna

165 2151 281 2215 regum
298 2135 444 2198 omnium
462 2159 482 2200 a
499 2137 619 2200 saeculo
635 2138 829 2201 moderaris.
878 2140 994 2201 Amen.

221 2234 265 2298 Et
295 2238 356 2299 tali
388 2260 462 2301 eum
493 2241 724 2304 benedictione
755 2240 916 2325 glorifica,
949 2245 987 2303 ut
1016 2238 1178 2304 Dauidica
1209 2247 1325 2308 teneat

168 2340 375 2407 sublimitate
400 2354 567 2428 sceptrum
592 2345 724 2420 salutis,
741 2352 777 2408 et
799 2344 1030 2408 sanctificatus
1053 2345 1209 2428 protinus
1232 2368 1327 2432 repe-

166 2443 274 2508 riatur
290 2448 420 2511 merito.
466 2452 585 2512 Amen.

222 2547 276 2612 Da
307 2551 337 2614 ei
369 2573 389 2614 a
423 2559 481 2615 tuo
517 2552 696 2636 spiramine
730 2572 805 2614 eum
840 2550 1094 2614 mansuetudine
1125 2550 1175 2614 ita
1206 2573 1324 2638 regere

167 2654 327 2736 populum
348 2656 434 2718 sicut
452 2656 661 2719 Salomonem
684 2656 793 2719 fecisti
818 2675 958 2736 regnum
976 2655 1126 2718 obtinere
1142 2656 1328 2740 pacificum.

168 2757 285 2820 Amen.

213 2858 286 2923 Tibi
310 2881 441 2945 semper
463 2886 534 2927 cum
560 2864 680 2926 timore
706 2863 750 2925 sit
774 2861 940 2938 subditus,
956 2861 1084 2944 tibique
1106 2862 1230 2927 militet
1253 2886 1326 2928 eum

169 2963 300 3044 quiete;
326 2964 371 3027 sit
394 2972 452 3028 tuo
473 2967 589 3050 clypeo
613 2972 786 3050 protectus
815 2985 889 3027 cum
912 2965 1117 3047 proceribus,
1140 2971 1175 3029 et
1199 2967 1322 3050 ubique

168 3074 304 3130 maneat
320 3068 391 3130 sine
409 3069 473 3131 fine
491 3070 607 3132 vietor.
654 3071 772 3131 Amen.

213 3168 265 3231 Sis
282 3171 311 3231 ei
337 3178 454 3235 eontra
471 3173 560 3235 acies
584 3173 791 3235 inimieorum
810 3169 924 3242 lorica,
940 3168 974 3230 in
990 3168 1142 3233 adversis
1164 3169 1274 3254 galea,
1291 3173 1326 3235 in

168 3274 338 3355 prosperis
374 3275 549 3357 patientia,
581 3276 615 3338 in
648 3275 857 3359 protectione
890 3273 1040 3357 clypeum
1076 3273 1326 3356 sempiternum.

169 3380 286 3438 Amen.

212 3479 318 3542 Vivat
335 3480 425 3543 inter
440 3483 592 3564 gentium
610 3489 765 3546 catervas
788 3480 1031 3566 magnanimus.
1079 3478 1131 3542 Sit
1145 3479 1178 3542 in
1190 3479 1328 3563 judiciis

169 3584 308 3666 aequitas
326 3583 518 3666 singularis.
564 3592 680 3648 Amen.

212 3686 412 3769 Locupletet
437 3708 511 3750 eum
537 3695 597 3751 tua
623 3688 763 3772 praedita
787 3688 936 3763 dextera,
960 3685 1127 3771 frugalem
1153 3686 1326 3752 contineat

169 3792 324 3874 patriam,
339 3796 373 3852 et
390 3791 461 3852 suis
479 3791 593 3854 liberis
610 3792 739 3854 tribuat
754 3775 962 3875 profuturas
986 3792 1104 3853 Amen.

216 3894 269 3956 Da
300 3895 329 3955 ei
355 3894 582 3976 prolixitatem
612 3896 688 3957 vitae
713 3915 772 3979 per
797 3900 957 3977 tempora,
983 3900 1018 3956 et
1044 3894 1077 3954 in
1109 3892 1227 3956 diebus
1253 3893 1328 3976 ejus

173 3999 302 4062 oriatur
313 3999 459 4080 justitia.
506 4006 622 4061 Amen.

216 4107 245 4165 A
262 4111 294 4165 te
311 4103 483 4164 robustum
501 4108 615 4165 teneat
637 4103 812 4186 regiminis
829 4102 959 4176 solium,
977 4105 1015 4162 ut
1030 4121 1103 4163 eum
1116 4099 1328 4182 jocunditate

174 4215 208 4270 et
222 4207 359 4288 justitia
375 4214 497 4268 aeterno
513 4205 680 4289 glorietur
696 4208 729 4268 in
746 4228 861 4291 regno.
906 4207 1023 4267 Amen.

216 4312 261 4373 Et
276 4314 400 4394 praesta
416 4315 455 4372 ut
470 4315 589 4391 gentes
601 4309 650 4370 illi
668 4315 809 4372 teneant
824 4310 931 4384 fidem,
945 4325 1101 4391 proceres
1117 4305 1168 4368 sui
1185 4305 1333 4371 habeant

170 4436 297 4498 pacem,
314 4412 458 4496 diligant
475 4415 662 4476 caritatem.
707 4421 824 4476 Amen.
