2940 4996
206 408 269 470 208
571 415 790 478 Consecratlo
812 413 1001 496 Virpinum.

241 613 309 671 Post
323 616 460 692 lupntreum
474 627 571 694 surpat
586 621 674 695 uirpo,
691 628 716 677 ct
730 619 824 677 ueniat
838 627 903 676 unte
917 620 1015 676 altare.

239 707 382 785 Sequatur
396 712 549 771 benedictio
563 715 724 772 velaminis.

243 804 444 889 Suppliciter
454 815 500 885 te,
510 809 661 885 Domine,
672 832 841 895 rogamus,
852 818 890 875 ut
902 811 1075 896 superbas
1088 815 1212 887 vestes,
1223 816 1356 877 tuarum

198 908 365 991 capitibus
381 910 578 976 ancillarum
596 913 824 997 imponendae,
840 913 1067 1003 bencffldictio
1090 918 1151 978 tua
1165 914 1361 1000 benigniter

200 1012 389 1091 descendat,
418 1019 453 1078 et
480 1015 548 1079 sint
575 1016 624 1080 hae
650 1022 761 1081 vestes
789 1015 1009 1096 beneffldictee
1036 1021 1070 1080 et
1096 1021 1299 1080 consecrata
1326 1022 1360 1079 et

198 1112 420 1181 immaculatae
436 1122 471 1181 et
486 1122 609 1182 sanetae
626 1119 678 1182 his
694 1119 826 1184 ancillis
842 1119 921 1185 tuis.
965 1120 1031 1183 Per
1046 1118 1229 1183 Christum.

239 1216 319 1274 Tunc
346 1219 475 1297 imponat
502 1220 646 1298 episcopus
673 1221 798 1279 uelamen
825 1243 909 1299 super
935 1229 1022 1300 caput
1049 1222 1197 1280 inclinatio
1224 1220 1358 1296 cirpinis,

200 1311 328 1383 dicendo,

246 1410 366 1493 Accipe
394 1410 520 1475 Christi
548 1411 643 1496 virgo
673 1411 825 1475 velamen
852 1411 1069 1496 virginitatis,
1095 1409 1141 1491 [ct
1168 1421 1293 1487 cetera,
1319 1419 1357 1474 ut

200 1533 309 1591 supra
318 1534 357 1593 p.
376 1513 464 1600 lta]

242 1627 323 1687 Tunc
337 1631 417 1707 uirpo
432 1633 557 1709 incipiat
570 1633 643 1690 lanc
658 1632 854 1710 antiphonam.
949 1631 950 1634 '

243 1724 356 1789 Induit
371 1747 423 1790 me
447 1727 611 1790 Dominus
634 1727 767 1812 cyclade
783 1748 865 1791 auro
890 1731 990 1804 tecta,
1006 1732 1041 1791 ct
1063 1726 1236 1791 immensis
1253 1726 1354 1789 moni-

199 1826 288 1890 libus
304 1829 436 1893 ornavit
452 1851 516 1893 me.

196 1929 239 1986 uel
255 1931 406 2006 quemlibet
420 1932 607 2010 antiphonam
622 1952 683 2010 quse
696 1933 851 2004 conueniat,
868 1933 902 1992 de
922 1932 1044 1991 historia
1057 1939 1160 1990 sunctae
1174 1931 1300 2009 Apnetis
1313 1932 1356 1990 uel

198 2033 300 2082 sanctae
314 2026 447 2102 Apatlue.

236 2119 298 2180 Hic
325 2123 468 2200 episcopus
490 2122 587 2200 faciut
613 2124 749 2194 bannum,
778 2146 813 2182 nc
840 2125 903 2201 quis
929 2132 1087 2202 prasumat
1117 2122 1194 2181 illud
1223 2128 1354 2182 sanctum

194 2218 375 2294 propositum
388 2218 505 2277 uiolare.

237 2313 297 2372 Hic
311 2315 338 2372 si
346 2315 448 2392 placet,
456 2315 515 2389 flat
527 2334 624 2373 sermo.

236 2407 372 2485 Sequitur
385 2409 536 2467 benedictio
557 2410 669 2468 annuli.

240 2503 383 2568 Creator
405 2511 440 2569 et
456 2504 648 2569 consolator
669 2507 807 2571 humani
822 2506 967 2592 generis,
983 2503 1028 2586 [et
1045 2514 1167 2582 cetera,
1183 2515 1223 2570 ut
1245 2527 1354 2588 supra

231 2655 237 2669 .
255 2609 328 2670 160.

197 2629 225 2688 p
241 2612 415 2794 Desplmso
430 2721 464 2777 te
476 2714 497 2777 J
499 2736 558 2778 esu
575 2713 718 2790 Christe,
731 2712 819 2777 Filio
832 2713 952 2777 summi
964 2713 1086 2790 Patris,
1097 2712 1154 2798 qui
1167 2717 1200 2777 te
1216 2712 1355 2778 illusam

197 2813 367 2877 custodiat
382 2820 417 2878 et
431 2818 474 2880 ab
489 2817 578 2880 omni
594 2814 681 2880 malo
697 2815 864 2879 defendat.
909 2817 1027 2879 Amen.

236 2913 297 2972 Hic
311 2916 444 2974 tradatur
457 2919 591 2989 annulus,
607 2918 734 2976 dicendo.

239 3011 363 3101 Accipe
381 3013 543 3076 annulum
558 3013 635 3075 fidei
651 3019 685 3076 et
701 3011 910 3099 signaculum
932 3011 1148 3088 sinceritatis,
1163 3033 1229 3097 quo
1244 3014 1354 3097 possis

192 3134 308 3179 omnes
324 3115 510 3198 pravitates
526 3115 675 3179 devitare
693 3115 784 3180 etad
801 3115 1006 3200 agnitionem
1023 3115 1179 3180 veritatis
1195 3117 1322 3181 venire.

237 3218 279 3276 Et
293 3221 391 3277 statim
405 3221 551 3278 decantent
565 3239 657 3277 omnes
671 3218 796 3295 uirpines
809 3218 897 3276 simul
911 3217 1083 3296 antiphonas
1097 3226 1248 3294 sequentes.

240 3316 375 3381 Annulo
392 3336 452 3379 suo
477 3313 669 3378 subarravit
689 3334 742 3376 me
766 3313 930 3377 Dominus
952 3334 1048 3378 meus
1062 3312 1164 3377 lesus
1188 3312 1355 3391 Christus,

199 3428 234 3486 et
249 3428 409 3505 tanquam
427 3438 584 3502 sponsam
600 3415 770 3480 decoravit
785 3436 837 3479 me
854 3435 985 3479 corona.

242 3525 311 3608 Ipsi
338 3544 411 3587 sum
439 3521 652 3605 desponsata,
679 3519 732 3582 cui
758 3516 872 3604 angeli
900 3517 1062 3593 serviunt,
1086 3516 1182 3600 cujus
1209 3518 1356 3602 pulchri-

199 3628 348 3692 tudinem
365 3624 415 3689 sol
432 3629 466 3688 et
481 3623 560 3686 luna
577 3622 752 3686 mirantur.

238 3732 339 3787 Postea
344 3728 441 3806 sociat
456 3727 535 3804 uirpo
548 3727 621 3784 lunc
631 3724 841 3804 professionem,
857 3724 885 3782 si
898 3721 1114 3802 tempusfiierit.

216 3872 217 3876 ,
241 3826 324 3911 Ego,
338 3845 433 3889 soror
448 3824 504 3900 N,
516 3824 677 3909 promitto
690 3820 910 3887 stabilitatem
922 3841 1042 3896 meam,
1055 3825 1090 3883 et
1104 3821 1356 3887 conversionem

200 3951 327 3993 morum
360 3948 518 4002 meorum,
550 3933 584 3992 et
618 3926 852 4003 obedientiam,
884 3944 996 3988 coram
1030 3921 1102 3987 Deo
1137 3923 1357 4012 omnibusque

201 4033 326 4096 sanctis
343 4031 425 4113 ejus,
442 4031 623 4094 secundum
646 4029 799 4115 regulam
815 4028 922 4093 sancti
947 4026 1130 4104 Benedicti,
1148 4027 1183 4090 in
1200 4027 1276 4094 loco
1299 4031 1363 4096 isto

197 4136 254 4218 qui
271 4140 324 4198 est
335 4140 550 4199 consecratus
567 4135 600 4198 in
613 4133 740 4197 honore
755 4131 863 4196 sancti
878 4131 922 4196 N.
939 4134 975 4195 et
990 4130 1024 4193 in
1036 4130 1218 4215 prasentia
1232 4132 1356 4198 domini

198 4237 345 4321 episcopi
361 4237 404 4301 N.
420 4242 521 4320 atque
537 4236 716 4302 abbatissae
733 4234 777 4298 N.

237 4339 349 4399 Deinde
361 4338 475 4414 sipnum
488 4340 578 4398 cuuis
583 4338 681 4416 saciat
696 4337 729 4397 in
735 4337 797 4414 fine
805 4333 1000 4414 professionis,
1017 4340 1043 4392 et
1051 4341 1142 4411 ponat
1155 4353 1241 4415 super
1255 4337 1355 4398 altare.
