2940 4996
573 418 928 504 Consecratiolieqia.
1260 417 1325 483 273

208 638 311 717 Deus,
339 640 522 705 electorum
547 639 719 717 fortitudo,
747 645 782 706 et
807 640 982 705 humilium
1008 640 1183 719 celsitudo,
1206 641 1264 726 qui
1289 641 1324 705 in

162 741 348 826 primordio
377 765 439 829 ρει
468 743 665 808 effusionem
695 743 813 808 diluvii
840 743 980 810 crimina
1010 745 1125 809 mnndi
1154 745 1323 831 castigare

165 844 312 922 voluisti,
339 851 374 910 et
402 868 463 932 per
493 845 679 912 columbam
703 868 833 912 ramum
864 845 958 910 olivae
984 852 1175 931 portantem
1205 868 1322 932 pacem

162 949 266 1014 terris
302 951 467 1016 redditam
501 951 752 1028 demonstrasti,
785 951 975 1035 iterumque
1012 951 1127 1016 Aaron
1160 950 1321 1015 famulum

161 1058 259 1117 tuum
281 1075 342 1138 per
362 1056 551 1120 unctionem
574 1055 641 1120 ulei
664 1055 870 1120 sacerdotem
894 1054 1048 1132 sanxisti,
1065 1060 1099 1120 et
1122 1063 1241 1140 postea
1262 1077 1323 1141 per

162 1155 266 1240 hujus
282 1160 445 1243 unguenti
455 1158 654 1223 infusionem
671 1157 906 1244 adregendum
921 1157 1080 1243 populum
1097 1157 1321 1224 Israeliticum

162 1261 354 1326 sacerdotes
366 1283 404 1326 ae
416 1282 515 1348 reges
527 1266 562 1327 et
573 1256 762 1346 prophetas
770 1261 953 1345 perfecisti,
965 1261 1161 1346 vultumque
1174 1260 1321 1326 ecclesiae

161 1365 197 1427 in
212 1363 286 1428 oleo
299 1365 553 1430 exhilarandum
568 1385 629 1449 per
639 1364 869 1449 propheticam
885 1363 1003 1429 famuli
1015 1364 1066 1429 tui
1081 1385 1195 1428 vocem
1211 1364 1321 1429 David

158 1487 234 1530 esse
250 1467 451 1551 praedixisti3
474 1473 510 1532 te
525 1487 723 1552 quaesumus,
737 1467 949 1552 omnipotens
965 1466 1077 1543 Pater,
1089 1471 1127 1532 ut
1142 1488 1202 1552 per
1217 1467 1318 1552 hujus

162 1574 324 1634 creaturae
350 1570 596 1656 pinguedinem,
622 1569 713 1633 hunc
740 1589 872 1633 servum
902 1575 997 1632 tuum
1026 1569 1237 1635 sanctificare
1262 1575 1322 1634 tua
1427 1646 1431 1654 ρ

162 1674 393 1739 benedictione
431 1673 589 1760 digneris,
624 1694 765 1757 eumque
802 1672 836 1736 in
876 1673 1127 1739 similitudinem
1164 1673 1321 1739 columbae

162 1799 279 1862 pacem
303 1777 527 1864 simplicitatis
550 1775 673 1861 populo
690 1776 754 1841 sibi
777 1776 911 1841 subdito
926 1783 1096 1861 praestare,
1113 1781 1147 1843 et
1170 1778 1320 1864 exempla

161 1883 275 1946 Aaron
289 1882 324 1945 in
340 1882 404 1947 Dei
428 1882 564 1947 servitio
587 1880 767 1968 diligenter
788 1880 924 1956 imitari,
939 1881 1101 1968 regnique
1124 1882 1263 1968 fastigia
1285 1883 1320 1947 in

161 1984 312 2049 consiliis
325 1984 469 2050 scientiae
482 1989 516 2048 et
527 1984 684 2068 aequitate
692 1983 810 2069 judicii
823 2004 955 2069 semper
967 1984 1111 2066 assequi,
1123 1985 1320 2070 vultumque

161 2086 346 2152 hilaritatis
368 2108 429 2172 per
451 2088 537 2151 hanc
560 2085 626 2150 olei
648 2086 848 2163 unctionem,
865 2090 1024 2169 tuamque
1046 2087 1321 2166 benedictionem,

156 2196 192 2276 te
208 2191 399 2273 adjuvante,
415 2191 479 2256 toti
495 2189 586 2275 plebi
601 2195 755 2276 paratum
769 2191 893 2256 habene
908 2191 1025 2255 facias.
1070 2191 1145 2255 Per.

114 2320 117 2322 ·
203 2293 279 2350 Alia
293 2295 395 2352 oratio.

202 2388 295 2454 Deus
321 2389 385 2454 Dei
411 2388 530 2466 Filius,
553 2389 655 2454 Jesus
682 2387 848 2465 Christus,
872 2388 1036 2453 Dominus
1062 2395 1188 2466 noster,
1212 2390 1269 2474 qui
1297 2412 1317 2455 a

156 2490 257 2556 Patre
273 2492 347 2556 oleo
363 2492 598 2558 exsultationis
621 2497 742 2556 unctus
759 2497 812 2556 est
827 2512 894 2576 praa
910 2492 1130 2577 participibus
1146 2493 1228 2570 suis,
1243 2495 1317 2579 ipse

159 2614 221 2677 per
250 2601 446 2679 praesentem
483 2595 569 2661 sacri
599 2594 757 2681 unguinis
791 2595 993 2658 infusionem
1029 2595 1173 2680 Spiritus
1204 2596 1318 2662 Sancti

160 2696 320 2762 Paracliti
333 2719 434 2783 super
446 2703 546 2784 caput
557 2703 652 2762 tuum
665 2697 820 2761 infundat
831 2696 1105 2774 benedictionem,
1115 2699 1319 2783 eandemque

156 2819 262 2884 usque
286 2799 329 2864 ad
351 2800 513 2865 interiora
535 2801 645 2864 cordis
669 2801 718 2863 tui
733 2804 913 2884 penetrare
936 2799 1049 2876 faciat,
1065 2808 1232 2884 quatenus
1255 2803 1318 2867 hoo

157 2901 283 2966 visibili
300 2907 334 2967 et
356 2902 527 2969 tractabili
549 2903 636 2967 dono
659 2901 841 2968 invisibilia
863 2905 1045 2989 percipere,
1063 2910 1097 2969 et
1119 2907 1319 2990 temporalia

157 3025 264 3091 regna
285 3006 391 3090 justis
416 3006 699 3071 moderaminibus
726 3011 915 3082 exsecutus,
943 3007 1148 3072 aeternaliter
1176 3031 1250 3073 cum
1277 3032 1317 3074 eo

155 3128 301 3194 regnare
316 3110 487 3186 merearis,
504 3130 564 3193 per
578 3110 758 3175 Dominum
773 3114 927 3173 nostrum
942 3109 965 3174 J
967 3129 1059 3173 esum
1076 3109 1259 3177 Christum.

196 3211 258 3270 Hic
272 3213 354 3270 datar
368 3213 502 3283 anatolus,
519 3212 686 3290 dicaturque
700 3213 770 3289 rapi.

200 3307 324 3392 Accipe
348 3309 520 3384 annulum,
542 3307 750 3392 signaculum
772 3307 928 3373 videlicet
948 3314 1070 3373 sanctae
1092 3309 1179 3386 fidei,
1202 3310 1315 3376 solidi-

156 3416 263 3475 tatem
286 3412 392 3495 regni,
410 3417 627 3498 augmentum
642 3410 810 3495 potentiae,
826 3432 1000 3496 perquam
1016 3411 1105 3475 scias
1120 3412 1316 3498 triumphali

156 3513 311 3599 potentia
322 3515 438 3579 hostes
452 3513 626 3600 repellere,
639 3515 785 3578 haereses
800 3514 987 3591 destruere,
1001 3514 1155 3579 subditos
1171 3517 1316 3580 coadun-

155 3637 224 3694 are,
242 3621 277 3680 et
294 3618 464 3683 catholicae
480 3617 557 3681 fidei
572 3615 875 3703 perseverabilitati
892 3624 1099 3682 connectere.
1144 3617 1218 3683 Per.

198 3719 274 3777 Alio
288 3722 390 3780 oratio.

200 3817 304 3894 Deus,
321 3821 417 3902 cujus
441 3824 494 3883 est
516 3818 624 3882 omnis
647 3822 801 3901 potestas
816 3821 852 3880 et
874 3816 1032 3915 dignitas,
1049 3817 1092 3881 da
1114 3816 1240 3882 famulo
1256 3826 1315 3884 tuo

156 3921 299 4006 propriae
323 3942 389 3987 suae
414 3921 589 4007 dignitatis
604 3923 770 3996 effectum,
786 3919 820 3983 in
843 3924 959 4002 quate
982 3927 1218 3986 remunerante
1240 3944 1316 4007 per-

155 4029 301 4101 maneat,
316 4030 351 4090 te
374 4046 505 4111 semper
527 4024 654 4101 timeat,
669 4023 796 4107 tibique
815 4022 946 4108 jugiter
967 4020 1100 4107 placere
1124 4025 1314 4091 contendat.

155 4128 231 4190 Per.

193 4228 317 4300 Quaado
330 4231 430 4306 plodio
444 4233 581 4309 ciapa'tor,
597 4230 655 4289 boec
670 4229 828 4306 ootiplwaa
843 4228 962 4287 dicetur.

200 4324 409 4404 confortare,
426 4333 461 4393 et
483 4333 556 4394 esto
572 4327 633 4403 vir,
650 4332 685 4391 et
700 4325 843 4390 observa
857 4324 1015 4389 mandata
1035 4323 1169 4388 Domini
1186 4325 1249 4392 Dei
1264 4331 1315 4393 tui

245 4428 340 4493 Pont.
357 4433 398 4494 34
