2940 4996
404 445 650 514 Reconciliatio
666 450 829 514 Ecclesia
844 452 898 516 vel
916 455 1112 521 t'ametenii.
1268 463 1329 526 101

173 657 347 742 suffragio,
361 661 431 722 tam
454 657 560 722 altare
583 656 670 742 quod
692 677 805 721 eorum
828 665 1017 738 exornatur,
1033 666 1068 726 te
1086 661 1237 745 juvante,
1252 667 1330 731 reli-

173 760 273 844 quiis,
290 781 390 844 quam
406 758 580 824 ecclesiam
596 764 697 844 atque
712 760 858 825 fidelium
875 767 1008 826 tuorum
1023 769 1103 830 vota
1119 768 1329 834 offerentium

174 864 357 928 sanctifica.
402 861 465 946 Qui
480 862 576 928 vivis.

216 965 352 1042 Sequitur
362 963 521 1036 benedictio,
535 965 640 1023 elevata
653 984 804 1042 mancipet·
818 965 931 1042 tanqam
943 975 968 1024 et
982 967 1071 1025 latam
1086 968 1148 1040 loci,
1162 970 1265 1029 dicent.

216 1059 410 1123 Benedictio
432 1057 495 1123 Dei
517 1059 557 1139 ›1‹
571 1058 683 1123 Patris
706 1059 943 1144 omnipotentis
964 1061 1116 1146 ingeniti,
1133 1063 1277 1149 Filiique
1292 1066 1328 1140 >1⁴

172 1162 281 1246 ipsius
293 1161 468 1246 unigeniti,
481 1183 607 1225 necnon
625 1160 738 1226 Sancti
750 1160 786 1234 >1⁴
799 1162 943 1246 Spiritus
954 1164 1113 1228 Paracliti
1128 1167 1171 1230 ab
1186 1172 1328 1252 utroque

172 1265 382 1350 procedenti·
398 1269 533 1330 maneat
552 1263 681 1350 jugiter
696 1284 796 1349 super
816 1264 990 1329 ecclesiam
1012 1266 1111 1331 istam
1126 1270 1200 1351 (nel
1214 1292 1328 1335 coeme-

171 1367 294 1432 terium
309 1368 413 1452 istud)
428 1368 463 1431 in
479 1367 599 1433 saecula
615 1367 819 1433 saeculorum.
863 1369 980 1431 Amen.

215 1556 346 1619 Postea
361 1557 458 1620 dicat
472 1558 649 1638 episcopua
664 1557 803 1618 misaam
818 1557 859 1619 de
874 1556 1163 1622 reconciliatione.

211 1656 248 1715 Si
261 1659 446 1716 coemeterium
459 1659 505 1729 ait,
522 1660 636 1717 dicatur
649 1659 745 1730 missa,
759 1658 899 1737 Requiem
913 1677 1061 1718 aternam.

211 1751 248 1810 Si
261 1753 373 1810 ecclesia
386 1754 432 1823 sit,
449 1754 563 1812 dicatnn
576 1755 632 1811 hoec
645 1755 741 1811 missa.

214 1845 297 1910 (lum
314 1849 539 1912 sanctificatus
548 1848 642 1911 fuero
657 1848 692 1910 in
707 1847 802 1911 vobis
817 1849 1024 1932 congregabo
1036 1869 1096 1914 vos
1111 1849 1151 1913 de
1163 1851 1328 1918 universis

171 1951 272 2014 terris
287 1955 322 2015 et
337 1951 504 2015 effundam
520 1972 621 2036 super
642 1973 702 2015 vos
717 1971 837 2035 aquam
860 1952 1015 2015 mundam
1032 1957 1065 2016 et
1087 1954 1326 2019 mundabimini

169 2053 211 2116 ab
242 2053 394 2117 omnibus
423 2054 683 2138 inquinamentis
713 2053 837 2117 vestris
865 2057 900 2117 et
929 2053 1014 2117 dabo
1044 2055 1139 2140 vobis
1169 2056 1323 2139 spiritum

169 2176 303 2219 novum.

210 2258 257 2321 In
274 2267 419 2338 tempore
435 2257 611 2334 Pacatali
628 2255 774 2321 alleluia.

210 2361 270 2423 Pe.
315 2360 513 2425 Benedicam
534 2359 712 2425 Dominum
738 2359 772 2423 in
797 2358 885 2423 omni
911 2363 1070 2443 tempore,
1092 2379 1223 2443 semper
1248 2361 1323 2426 laus

165 2464 239 2548 ejus
256 2464 290 2527 in
306 2486 363 2528 ore
379 2486 462 2528 meo.
687 2458 690 2465 ’

212 2568 345 2632 Oratio.
391 2565 492 2643 Deus,
523 2567 580 2650 qui
610 2565 734 2642 dixisti,
765 2564 882 2628 domus
911 2586 987 2628 mea
1016 2565 1132 2628 domus
1162 2566 1322 2631 orationi·

163 2671 348 2746 vocabitur,
371 2669 503 2733 domum
530 2671 630 2734 istam
653 2668 772 2732 alienis
799 2669 1036 2732 offensionibus
1062 2671 1321 2736 contaminatam

163 2773 327 2837 mundare
343 2778 377 2836 et
393 2773 598 2836 sanctificare
614 2757 770 2856 digneris,
787 2776 826 2834 ut
847 2772 992 2834 omnium
1008 2792 1123 2854 preces
1139 2777 1173 2836 et
1195 2779 1274 2837 vota
1288 2774 1322 2837 in

162 2877 226 2940 hoc
253 2875 327 2939 loco
357 2875 399 2939 ad
424 2879 458 2939 te
484 2874 697 2939 clamantium
725 2873 907 2938 clementer
932 2874 1090 2937 exaudias
1117 2879 1151 2938 et
1179 2876 1321 2961 benigne

161 2979 328 3063 perficias.
372 2977 637 3058 PerDominum.

207 3080 382 3160 Epistola.
427 3078 788 3163 Ecceegolohannea
1008 3079 1009 3082 ’
1069 3076 1184 3162 [Apoo.
1200 3078 1268 3142 xxi.
1284 3079 1318 3166 2]

210 3182 348 3245 Gnadal
367 3228 375 3242 .
419 3181 540 3245 Tollite
556 3181 685 3244 hostias
701 3185 735 3245 et
756 3180 892 3244 introite
908 3180 942 3243 in
958 3179 1046 3244 atria
1066 3181 1159 3263 ejus:
1182 3180 1319 3244 adorate

160 3283 343 3348 Dominum
358 3283 394 3346 in
409 3283 487 3347 aula
503 3286 619 3347 sancta
634 3282 718 3365 ejus.

214 3387 252 3448 V.
297 3384 472 3450 Revelavit
491 3386 653 3450 Dominus
676 3385 842 3449 condensa
864 3394 898 3448 et
912 3383 947 3446 in
969 3381 1094 3467 templo
1116 3380 1190 3465 ejus
1206 3403 1319 3446 omues

160 3488 276 3553 dicent
290 3488 442 3573 gloriam.

207 3594 365 3659 Alleluia.
416 3593 454 3656 V.
498 3591 653 3655 Adorabo
669 3590 711 3654 ad
733 3588 893 3675 templum
910 3594 1060 3654 sanctum
1076 3594 1171 3652 tuum
1194 3593 1229 3652 et
1244 3610 1320 3653 con-

160 3698 282 3762 fitebor
296 3695 423 3759 nomini
438 3700 506 3759 tuo.

201 3799 238 3859 Si
249 3797 331 3874 infra
344 3795 585 3874 Septnayesitnanc
599 3793 726 3864 encaenii,
741 3793 855 3850 dicatur
867 3799 981 3851 tractae.

204 3893 357 3958 Laudate
373 3890 560 3965 Dominum,
577 3909 690 3951 omnes
705 3891 834 3972 genten,
851 3892 885 3951 et
899 3886 1086 3950 collaudate
1103 3907 1188 3963 eum,
1204 3907 1318 3951 omnes

157 3995 285 4082 populi,
301 3993 456 4078 quoniam
472 3992 666 4055 confirmata
681 3996 733 4053 eat
748 4011 847 4073 super
869 4011 930 4053 nos
945 3989 1172 4054 misericordia
1187 3990 1270 4073 ejuS,
1285 3995 1318 4053 et

155 4101 286 4167 veritas
301 4094 436 4161 Domini
451 4098 565 4158 manet
579 4092 613 4155 in
629 4096 798 4156 aeternum.
