2940 4996
155 438 218 504 376
467 440 720 516 Irrtlrronitatio
739 439 1010 522 Arobiepiacopi.

199 611 337 676 Necnon
362 613 552 677 Abbatibus
578 614 688 677 Beatae
714 613 841 689 Mariae,
868 613 909 676 de
936 612 1109 688 Fontibus,
1135 609 1312 685 Rievallis,

156 715 266 799 Selby,
294 717 462 791 Rufforth‚
490 717 632 801 Byland,
658 715 855 792 Jorevallis,
883 721 918 780 et
948 716 1026 780 aliis
1055 714 1313 799 quamplurimis

155 820 344 882 Abbatibus
376 826 411 883 et
440 821 626 897 Prioribus,
654 821 750 904 capis
781 821 898 885 sericis
928 820 1057 884 indutis
1087 823 1121 883 et
1152 819 1313 894 mitratis,

148 926 284 986 ‘necnon
300 923 468 987 nobilibus
486 925 578 988 viris.
628 912 636 932 ⁶

198 1027 340 1091 Domino
357 1028 501 1092 Ricardo
517 1028 610 1093 Duce
626 1029 727 1092 Ebor.

198 1131 352 1196 Dominis
369 1133 409 1194 de
429 1131 531 1216 Scrop

364 1220 405 1282 de
422 1219 542 1282 Lovell
664 1219 847 1283 baronibus

364 1306 404 1369 de
422 1305 599 1370 Cromwell

199 1407 354 1491 Aliisque
378 1409 542 1473 milit-ibus
566 1415 602 1472 et
625 1409 757 1472 clericis
773 1431 812 1473 ac
836 1409 933 1474 laicis
949 1409 1128 1492 utriusque
1154 1429 1257 1473 sexus
1280 1415 1314 1472 et

155 1512 370 1576 multitudine
402 1515 537 1598 copiosa
570 1537 609 1579 ac
639 1536 692 1578 me
724 1515 852 1579 Thoma
883 1516 923 1578 de
958 1515 1041 1580 Alta
1070 1515 1159 1600 Ripa
1190 1513 1311 1578 clerico

158 1619 290 1682 notario
300 1619 444 1704 publico.

159 1822 522 1889 INTHRONIZATIO
533 1823 874 1891 AROHlEPISOOPI
883 1823 1134 1890 LAURENTII
1146 1822 1305 1888 BOTHE.

131 2142 134 2151 .
201 2085 306 2148 From
324 2085 377 2148 tlte
397 2085 546 2166 Chapter
560 2086 647 2148 Acts
656 2086 717 2168 for
734 2086 778 2148 A.
794 2086 837 2148 D.
854 2085 950 2150 1477.

202 2271 456 2335 Memorandum
475 2272 561 2354 quod
580 2273 599 2335 8
624 2271 715 2354 Sept.
738 2272 778 2334 A.
796 2270 836 2334 Ι).
854 2271 949 2337 1477.
993 2269 1306 2335 Reverendissimus
1348 2247 1351 2255 ¹

131 2434 134 2445 ,
156 2377 191 2437 in
219 2374 353 2438 Christo
384 2377 485 2438 Pater
512 2381 547 2438 et
577 2375 752 2451 Dominus,
777 2374 941 2439 Dominus
968 2374 1172 2439 Laurentius
1197 2374 1307 2460 gratia

159 2479 222 2543 Dei
257 2479 357 2542 Ebor.
390 2479 672 2563 Archiepiscopus
702 2480 762 2542 &a
798 2479 944 2563 propriis
974 2478 1112 2540 indutus
1147 2477 1310 2551 vestibus,

159 2605 180 2647 a
202 2582 336 2645 Decano
361 2587 395 2644 et
419 2581 566 2664 capitulo
589 2581 749 2644 Ecclesiae
772 2580 986 2645 Oatbedralis
1009 2580 1109 2644 Ebor.
1127 2601 1166 2644 ac
1189 2579 1310 2644 ceteris

158 2685 323 2748 ministris
345 2685 504 2747 Ecclesiae
528 2684 629 2747 Ebor.
650 2684 807 2768 cleroque
831 2690 866 2748 et
888 2685 1011 2769 populo
1038 2684 1188 2748 civitatis
1211 2684 1309 2748 Ebor.

161 2794 267 2873 prout·
291 2789 395 2851 moris
423 2793 485 2864 est,
513 2788 555 2851 ad
587 2789 751 2872 capellam
781 2788 895 2852 Sancti
924 2787 1041 2852 Jacobi
1069 2793 1167 2852 extra
1197 2808 1309 2851 muros

161 2892 310 2957 civitatis
347 2891 449 2955 Ebor.
490 2892 649 2957 situatam
689 2893 823 2956 circiter
859 2893 976 2956 horam
1013 2892 1191 2976 septimam
1230 2900 1308 2956 ante

159 2997 332 3061 meridiem
349 2996 496 3078 ejusdem
513 2997 578 3060 diei
595 2997 685 3060 inter
708 2998 848 3062 eandem
864 2996 1027 3081 capellam
1044 3001 1079 3059 et
1094 2995 1258 3061 calcetum
1278 2997 1309 3059 in

158 3102 228 3166 alta
253 3101 318 3175 via,
345 3100 401 3163 ubi
429 3101 471 3163 ad
498 3100 682 3164 scabellum
710 3122 770 3186 per
796 3100 946 3164 Priorem
973 3100 1102 3164 Sanctae
1129 3099 1309 3163 Trinitatis

156 3207 256 3270 Ebor.
287 3204 468 3267 honorifice
498 3205 688 3269 ordinatum
717 3205 805 3268 idem
829 3204 992 3268 Dominus
1023 3203 1306 3288 Archiepiscopus

157 3308 416 3394 genuflectendo,
429 3329 449 3372 a
461 3307 604 3372 Domino
619 3308 753 3374 Decauo
767 3314 801 3373 et
813 3308 1020 3372 Praecentore
1032 3328 1120 3391 aqua
1132 3307 1308 3372 benedicta

157 3433 315 3497 aspersus
348 3417 382 3474 et
414 3412 629 3476 thurificatus
667 3417 730 3487 est,
763 3411 951 3476 Abbatibus
990 3414 1025 3473 et
1062 3409 1235 3474 Prioribus
1272 3410 1305 3472 in

154 3516 402 3602 pontificalibus
419 3516 453 3578 in
469 3518 570 3580 choro
583 3515 878 3599 processionaliter
893 3513 1132 3581 ibiordinatis.
1177 3511 1305 3578 Deinde

157 3643 254 3685 cruce
286 3620 443 3684 Ecclesiae
475 3620 687 3684 Cathedralis
718 3641 777 3704 per
807 3619 975 3682 dominum
1007 3617 1304 3702 Archiepiscopum

159 3726 278 3788 devote
296 3723 459 3799 osculata,
469 3723 555 3786 idem
570 3725 722 3787 dominus
738 3723 1019 3808 Archiepiscopus
1032 3721 1173 3784 intravit
1188 3716 1309 3785 dictam

158 3828 320 3913 capellam
356 3837 390 3890 et
424 3827 466 3890 ad
501 3829 627 3911 gradus
662 3827 780 3892 altaris
815 3827 896 3889 fecit
930 3846 1009 3889 suas
1044 3825 1243 3888 devotiones
1276 3829 1308 3887 et

158 3982 164 3996 .
185 3983 192 3998 .
210 3981 217 3994 .
235 3933 342 3995 frater
358 3931 470 3994 Abbas
495 3930 535 3993 de
554 3931 664 4015 Selby,
681 3953 763 4014 capa
779 3930 916 3993 indutus
934 3933 968 3991 et
989 3928 1158 4002 mitratus,
1176 3948 1306 3991 crucem

155 4035 280 4100 domini
297 4031 550 4117 Archiepiscopi
574 4035 607 4096 in
633 4036 746 4098 eadem
771 4033 900 4118 capella
922 4031 1059 4115 recepit,
1077 4034 1112 4093 et
1133 4051 1246 4094 coram
1270 4050 1308 4092 eo

154 4143 226 4202 toto
240 4136 299 4199 illo
313 4138 366 4199 die
380 4136 415 4197 in
432 4138 588 4200 omnibus
606 4137 688 4201 locis
700 4139 826 4222 gessit;
850 4140 884 4198 et
896 4134 1014 4198 deinde
1030 4123 1141 4197 dictus
1153 4133 1308 4196 dominus

155 4242 310 4305 Decanus
326 4240 456 4322 accepit
472 4239 610 4323 pallium
626 4240 748 4305 domini
766 4237 1017 4321 Archiepiscopi
1032 4256 1134 4319 super
1149 4235 1258 4299 altare
1274 4235 1306 4296 in

151 4347 242 4408 dicta
273 4343 402 4427 capella
437 4344 627 4427 depositum
661 4355 695 4408 et
726 4365 837 4407 coram
872 4342 1004 4407 domino
1039 4338 1303 4422 Archiepiscopo

155 4452 241 4512 inter
257 4446 398 4508 eundem
417 4452 451 4509 et
462 4448 654 4511 crucifixum
669 4448 850 4512 comitante
867 4467 977 4510 secum
990 4445 1210 4518 Proecentore,
1223 4442 1309 4507 inter
