2940 4996
500 391 699 454 Benedictio
716 391 887 454 Eremitoe.

152 592 264 650 Deinde
277 602 443 671 osperpotor
456 613 532 669 aquo
547 594 689 651 benedictn
703 616 787 671 snper
801 595 974 653 vestirreeata.

154 686 256 745 Postea
270 689 315 746 det
329 689 457 746 habitam
471 688 507 758 ei,
523 696 548 744 et
562 688 632 745 doni
646 689 755 759 iitdoit,
772 689 851 746 dieat
864 689 1017 766 episcopus.

154 781 267 846 Exuat
289 789 323 847 te
346 783 439 847 Deus
463 787 609 845 veterem
632 783 798 846 hominem
820 806 894 847 cum
910 784 1040 848 actibus
1065 783 1144 860 suis,
1162 788 1197 848 et
1219 782 1268 845 in·

113 883 191 947 duat
215 907 346 963 novum,
370 887 426 969 qui
451 885 630 949 secundum
654 886 761 948 Deum
786 894 919 950 creatus
943 892 996 950 ost
1017 887 1051 948 in
1071 886 1208 969 justitia
1235 890 1270 950 et

115 987 292 1051 sanctitate
309 989 474 1052 veritatis.

156 1090 200 1152 R.
247 1090 318 1155 Deo
334 1091 475 1176 gratias.

152 1191 288 1269 Sequitur
302 1193 454 1250 benedictio
467 1213 551 1270 saper
564 1214 626 1251 eona
635 1200 811 1270 prostratam
825 1214 919 1250 corona
934 1193 1069 1270 episcopo,
1083 1214 1147 1252 eam

157 1287 309 1352 Oremus.

152 1390 330 1455 Famulum
346 1396 450 1467 tuum,
466 1390 617 1466 Domine,
634 1391 786 1455 custodia
801 1391 930 1456 muniat
952 1391 1099 1475 pietatis,
1115 1396 1153 1456 ut
1168 1392 1269 1457 casti·

109 1495 193 1559 tatis
217 1500 337 1558 sanctae
361 1496 578 1579 propositum,
595 1494 681 1578 quod
705 1501 738 1558 te
761 1495 945 1578 inspirante
970 1495 1127 1580 suscepit,
1142 1500 1177 1560 te
1192 1517 1268 1580 pro·

108 1601 246 1683 tegente
263 1618 395 1681 semper
408 1597 547 1662 illaesum
564 1597 741 1662 custodiat.
787 1599 852 1661 Per
867 1597 1056 1662 Dominum.

148 1700 262 1757 Deinde
275 1707 408 1775 sequatur
421 1699 572 1757 benedictio
586 1700 710 1777 episcopi
723 1721 807 1778 snper
820 1721 892 1771 euna,
906 1700 949 1759 sie
963 1699 1090 1758 dicendo.

153 1794 348 1858 Benedictio
363 1793 426 1857 Dei
439 1793 686 1876 omnipotentis,
699 1795 811 1859 Patris
825 1798 864 1876 ›1‹
883 1800 917 1859 et
928 1795 1006 1860 Filii
1020 1794 1060 1875 >1⁴
1076 1799 1110 1859 et
1122 1794 1266 1880 Spiritus

108 1897 225 1961 Sancti
239 1902 279 1983 ›1‹
296 1895 476 1960 descendat
491 1916 592 1979 super
606 1903 640 1959 te
657 1902 691 1960 et
706 1906 842 1963 maneat
858 1920 999 1984 semper.
1046 1900 1164 1964 Amen.

152 1999 196 2077 Et
209 1999 251 2057 ito
264 2000 375 2058 recedat
388 2000 420 2058 ia
434 2000 547 2057 nomine
562 1998 692 2059 Domini.
