2940 4996
400 397 624 462 Consecratio
644 397 802 462 Oteorum
818 407 850 462 et
869 398 1087 462 Ctriematio.
1256 393 1321 458 259

163 598 406 683 deportandum
430 601 583 666 chrisma.
630 602 671 665 ln
697 602 805 686 primo
833 601 960 677 ordine,
983 599 1171 685 praecedant
1199 597 1323 662 vexilla

162 702 239 766 tria.
283 702 323 766 ln
352 703 506 779 secundo,
532 704 597 767 duo
624 704 819 769 ceroferarii
846 702 933 769 albis
958 702 1097 767 indutis.
1142 703 1182 766 In
1207 699 1322 775 tertio,

161 805 226 870 duo
248 806 464 871 thuribularii
487 809 522 871 in
538 808 642 872 simili
658 807 788 874 habitu.
833 809 873 873 In
889 813 1020 891 quarto,
1036 808 1102 871 duo
1126 804 1320 871 subdiaconi

160 907 350 973 deferentes
372 910 456 974 duos
479 911 610 975 codices
634 910 814 996 evangelii.
858 912 899 975 In
922 911 1050 994 quinto,
1067 909 1229 974 diaconus
1251 927 1318 973 am-

162 1008 287 1091 pullam
314 1031 390 1074 cum
417 1011 491 1076 oleo
518 1012 649 1077 deferat
679 1013 721 1076 ad
751 1013 899 1076 chrisma
922 1010 1195 1084 consecrandum,
1220 1028 1322 1092 supra

160 1131 260 1193 quam
283 1112 481 1196 deportetur
495 1113 763 1178 tabernaculum.
809 1114 850 1177 In
867 1119 963 1177 sexto
980 1113 1107 1188 ordine,
1121 1112 1188 1175 duo
1204 1129 1321 1174 cruces

158 1213 379 1298 deportentur
402 1237 423 1280 a
438 1215 568 1280 duobus
584 1216 760 1301 acolythis,
777 1215 863 1280 albis
886 1216 1016 1280 indutis
1038 1236 1113 1280 cum
1129 1213 1318 1288 amictibus,

161 1318 223 1380 sub
238 1319 468 1394 tabernaculo,
485 1340 551 1382 uno
568 1340 588 1384 a
603 1319 744 1393 dextris,
760 1324 796 1384 et
810 1318 920 1383 altero
936 1339 957 1382 a
973 1318 1121 1383 sinistris
1137 1316 1319 1401 ampullam

158 1417 340 1483 deferente.
386 1421 514 1484 Deinde
538 1422 775 1498 archidiaconi,
792 1421 1028 1486 archidiacono
1050 1422 1086 1484 in
1108 1420 1219 1483 medio
1242 1439 1318 1483 con-

161 1521 291 1599 stituto,
309 1529 343 1586 et
359 1523 410 1587 ita
425 1525 467 1587 ad
483 1524 592 1589 altare
608 1524 907 1609 processionaliter
922 1525 1094 1590 accedant.
1255 1525 1259 1532 '

204 1625 251 1690 Et
265 1632 344 1691 ante
361 1627 448 1690 idem
465 1628 719 1693 tabernaculum
736 1629 928 1712 praecedant
942 1629 1007 1692 duo
1023 1625 1128 1712 pueri,
1144 1627 1322 1690 cantantes

157 1727 192 1789 in
217 1729 470 1813 superpelliceis
492 1731 719 1817 praecedentes
736 1730 918 1814 ampullam
939 1729 1134 1794 chrismatis
1149 1729 1318 1812 hymnum,

163 1831 190 1895 0
207 1832 425 1913 Redemptor.

204 1933 266 2018 Qui
282 1936 359 1998 dum
373 1941 511 2001 cantant
523 1937 602 1999 dum
615 1941 831 2011 semoveant,
845 1937 945 2001 choro
958 1941 1127 2012 cantante,
1139 1953 1320 2019 parumper

159 2040 352 2122 procedant,
370 2040 420 2104 ita
442 2040 529 2123 quod
552 2041 586 2102 in
609 2040 729 2105 ultimo
752 2061 853 2104 versu
876 2045 1097 2124 permaneant
1112 2038 1155 2102 ad
1177 2037 1319 2122 gradum

161 2141 282 2207 altaris
310 2163 423 2205 coram
451 2143 617 2227 episcopo,
641 2149 677 2207 et
703 2145 824 2208 chorus
851 2146 1076 2226 prosequatur
1099 2145 1178 2224 post
1201 2160 1321 2203 unum-

160 2266 324 2328 quemque
341 2265 485 2322 versum,
504 2247 636 2311 scilicet
654 2248 681 2312 0
696 2248 916 2329 Redemptor.

204 2349 249 2412 Et
275 2371 350 2412 cum
375 2351 590 2433 pervenerint
617 2350 660 2414 ad
691 2373 825 2415 versum
855 2352 961 2414 Stans
988 2350 1037 2412 ad
1061 2367 1173 2422 aram,
1200 2350 1320 2431 surgat

161 2451 336 2537 episcopus
353 2458 386 2514 et
402 2452 544 2516 inclinet
560 2473 595 2516 se
619 2474 730 2517 coram
747 2452 859 2530 altari,
875 2452 1033 2516 videlicet
1054 2450 1089 2512 in
1104 2449 1225 2525 medio,
1241 2449 1318 2512 dum

161 2574 279 2618 versus
297 2559 461 2618 cantetur.

206 2655 351 2721 Cantato
368 2678 468 2720 versu
483 2657 599 2721 redeat
615 2660 792 2742 episcopus
808 2659 850 2722 ad
866 2658 979 2722 sedem
997 2677 1102 2721 suam.

205 2763 338 2847 Hymno
355 2767 491 2826 cantato
514 2768 667 2827 revertat
682 2764 859 2848 episcopus
874 2764 917 2827 ad
940 2762 1061 2838 altare,
1078 2766 1113 2825 et
1128 2760 1324 2846 porrigatur

159 2866 191 2929 ei
217 2865 367 2948 ampulla
393 2885 467 2928 cum
496 2865 580 2941 oleo,
608 2888 680 2950 quae
708 2867 811 2930 habet
841 2866 1033 2932 chrismatis
1057 2865 1321 2948 inscriptionem.

159 2968 289 3032 Deinde
317 2968 498 3033 misceatur
520 2969 556 3031 in
579 2991 619 3034 ea
645 2969 832 3033 balsamum
860 2971 1094 3055 abepiscopo,
1119 2968 1167 3032 sic
1189 2967 1321 3032 dicente

162 3077 304 3146 secreto,
320 3071 405 3134 Haec
422 3073 628 3135 comminuo.

204 3175 296 3237 Tunc
314 3173 430 3237 statim
443 3173 621 3258 episcopus
637 3174 777 3259 incipiat
789 3174 1040 3260 genuflectendo
1056 3174 1214 3257 hymnum
1236 3173 1321 3236 Veni

163 3279 318 3352 Creator,
343 3277 450 3340 etita
473 3282 632 3341 cantetur
654 3283 749 3342 totus
772 3279 926 3361 hymnus,
948 3281 987 3341 ut
1008 3276 1136 3360 primus
1159 3295 1279 3340 versus
1300 3295 1322 3339 a

159 3379 294 3443 clericis
311 3399 407 3442 secus
431 3378 540 3442 altare
564 3386 738 3445 cantetur:
763 3380 930 3444 secundus
952 3402 973 3444 a
988 3385 1059 3444 toto
1082 3378 1196 3454 choro,
1213 3382 1249 3442 et
1269 3377 1322 3441 ita

159 3479 355 3544 alternatim
371 3484 537 3543 cantetur.

198 3583 269 3664 Quo
293 3585 429 3645 cantato
455 3587 575 3666 surgat
602 3583 782 3667 episcopus
810 3603 993 3646 conversus
1020 3582 1063 3647 ad
1090 3581 1254 3645 orientem
1281 3580 1316 3645 in

161 3684 280 3747 dextro
294 3705 396 3748 cornu
408 3684 540 3759 altaris,
550 3690 603 3747 ter
616 3686 745 3769 signum
758 3686 866 3750 crucis
875 3685 1004 3749 faciens
1016 3704 1117 3770 super
1127 3683 1320 3768 ampullam,

163 3794 198 3851 et
214 3792 267 3851 ter
291 3788 429 3851 sufflans
452 3788 486 3852 in
503 3809 553 3863 ea,
570 3787 619 3851 ita
642 3790 862 3852 exorcismum
887 3791 1112 3871 prosequatur
1133 3807 1207 3850 cum
1229 3793 1320 3851 nota.

159 3891 331 3952 Ercorcieo
350 3900 389 3964 te,
404 3890 464 3953 &a

206 3993 330 4055 Postea
346 3992 437 4056 dicat
459 3991 635 4076 episcopus
650 3991 917 4056 benedictionem
933 4012 1006 4055 cum
1028 3990 1196 4056 Dominus
1206 3991 1321 4054 'uotis-

159 4117 235 4158 cum
251 4116 326 4157 cum
342 4100 433 4159 nota.
482 4095 631 4172 Oremua‚
639 4097 774 4178 fratrea
790 4096 975 4159 carissimi.

204 4196 330 4280 Quibus
346 4197 456 4273 dictis,
473 4197 564 4262 dicat
579 4199 759 4283 episcopus
782 4197 895 4264 altiori
921 4218 1001 4263 voce
1024 4196 1267 4282 praefationem,
1282 4200 1321 4260 ut

160 4303 354 4366 continetur
370 4303 403 4366 in
419 4303 620 4368 Pontificali.

252 4405 314 4468 32*
