2940 4996
223 420 289 484 264
429 418 433 427 “
468 418 688 483 Consecratio
708 416 865 482 Oleorum
881 427 914 480 et
932 417 1145 482 Ohriematis.

268 815 363 879 With
378 813 500 898 regard
516 819 551 877 to
574 813 631 877 the
648 811 767 876 Offices
783 810 905 876 earlier
926 813 1009 877 than
1025 815 1084 878 the
1100 813 1181 878 time
1197 813 1234 877 of
1254 812 1384 894 Bishop

223 917 382 994 Osmund,
413 938 501 1000 upon
532 915 639 979 which
670 915 723 978 his
754 920 990 999 arrangement
1018 936 1088 980 was
1118 916 1225 992 made,
1256 916 1274 979 I
1304 935 1384 998 may

191 1011 194 1016 ⁵
222 1020 338 1103 briefly
354 1040 414 1102 say
429 1020 514 1093 that,
531 1038 569 1081 as
584 1017 637 1080 far
652 1038 689 1080 as
705 1017 723 1080 I
738 1037 791 1082 am
809 1038 931 1092 aware,
948 1019 1028 1101 they
1043 1039 1157 1094 are,—

268 1123 297 1182 1.
342 1122 413 1185 The
437 1121 539 1184 Form
567 1120 601 1182 in
631 1118 789 1203 Egbert’s
819 1120 884 1183 and
914 1120 972 1184 the
998 1120 1166 1205 Jumieges
1192 1117 1385 1183 Pontifical.

223 1225 305 1287 This
329 1224 399 1287 will
421 1225 463 1288 be
486 1223 588 1287 found
614 1221 746 1305 printed
770 1222 804 1284 in
832 1222 1003 1306 Egherts’s
1026 1222 1221 1298 Pontifical3
1246 1222 1389 1288 Surteos

227 1327 369 1411 Society,
386 1325 451 1390 vol.
467 1325 520 1392 27.

267 1430 299 1493 2.
344 1431 433 1494 That
448 1430 482 1492 in
496 1427 627 1493 Leofric
644 1429 674 1491 A
690 1429 755 1492 and
770 1427 984 1513 Arohbishop
1001 1428 1167 1493 Dunstan.

761 1636 837 1719 (a.)

640 1738 779 1814 Leofric‚
795 1737 877 1803 folio
893 1738 968 1805 287.

565 1842 664 1906 Feria
678 1863 709 1904 v.
725 1843 761 1904 in
777 1841 878 1906 Ooena
892 1841 1036 1906 Domini.

269 1946 451 2010 Conficitur
480 1946 626 2009 chrisma
656 1945 689 2006 in
720 1943 839 2008 ultimo
872 1950 950 2008 ante
981 1945 1129 2008 missam.
1189 1946 1385 2029 Antequam

224 2049 364 2125 dicatur,
389 2050 460 2111 Per
482 2069 578 2130 quem
601 2049 669 2110 hoec
693 2046 818 2121 omnia,
839 2048 993 2123 Domine,
1009 2067 1139 2128 semper
1162 2048 1252 2110 bomo
1277 2069 1386 2125 ereas,

225 2151 381 2214 levantur
397 2150 467 2212 duae
490 2148 643 2231 ampullae
660 2168 744 2231 quas
760 2149 905 2211 offerunt
928 2149 1052 2233 populi,
1069 2160 1105 2212 et
1126 2149 1297 2214 benedicit
1314 2155 1386 2214 tam

225 2254 378 2316 dominus
394 2254 485 2336 Papa
501 2273 600 2335 quam
616 2271 730 2315 omnes
746 2251 945 2334 presbyteri.

270 2355 473 2429 Benedictio,
492 2356 627 2430 Emitte,
643 2357 697 2417 dic.

269 2457 391 2540 Incipit
406 2456 593 2521 benedictio
609 2454 801 2518 chrismatis
817 2453 1024 2540 principalis.

271 2561 416 2623 Sursum
432 2562 561 2624 eorda:

272 2663 312 2726 R.
357 2663 535 2726 Habemus
551 2665 599 2723 ad
614 2660 808 2724 Dominam.

275 2767 418 2829 Gratiae
434 2785 577 2848 aptemus
592 2763 738 2828 Domino
755 2764 825 2827 Deo
841 2772 968 2827 nostro.

272 2867 312 2931 R.
356 2868 506 2950 Dipnum
524 2867 773 2950 etjmtumest.

278 2971 360 3034 Vere
376 2971 523 3052 dionem.
568 2969 710 3032 AEterae
725 2968 828 3042 Deus,
845 2968 905 3050 qai
920 2973 957 3031 ia
966 2968 1155 3050 principio.
1172 2970 1231 3033 &a

273 3071 488 3135 Exorcismus
505 3069 579 3132 olei.

275 3177 376 3250 Deus,
393 3177 453 3255 qui
469 3174 604 3247 virtute,
619 3171 681 3234 &a

616 3379 1005 3565 Archbisddp)Dunstan.

650 3581 690 3644 In
707 3579 806 3646 Ooena
821 3582 965 3648 Domini.

289 3687 329 3748 In
364 3683 464 3747 Ooena
492 3681 627 3762 Domini
659 3683 763 3748 faciat
797 3686 973 3771 episcopus
1003 3687 1288 3753 consecrationem
1320 3690 1382 3755 olei

232 3792 435 3854 infirmorum
452 3786 485 3847 in
501 3785 620 3848 ultimo
635 3785 677 3849 ad
693 3786 841 3864 misaam,
854 3795 1031 3873 antequam
1047 3790 1188 3866 dicatur,
1205 3793 1275 3856 Per
1289 3815 1382 3876 quem

232 3897 301 3956 heco
339 3890 464 3964 omnio,
499 3889 650 3963 Domine,
683 3909 813 3970 semper
850 3893 938 3954 bono
972 3913 1089 3970 oreas,·
1122 3898 1158 3957 et
1194 3893 1382 3961 levantibus

234 3992 397 4057 ministris
418 3988 582 4074 ampullas
597 3990 651 4053 his
673 3990 825 4054 versibus
849 4012 921 4054 cum
939 3993 1010 4057 suis
1033 3994 1274 4073 sacerdotibus,
1290 3998 1384 4062 bene·

234 4098 333 4169 dicat,
349 4095 487 4166 Emitte,
502 4091 655 4167 Domine,
671 4093 852 4173 Spiritum,
866 4093 926 4158 &a

278 4199 361 4260 Post
382 4194 518 4257 missam
545 4195 631 4257 hane
654 4195 871 4281 principalem
897 4197 1086 4263 chrismatis
1113 4198 1380 4275 benedictionem,

231 4298 369 4362 litanias
385 4296 576 4378 praecinens,
592 4296 693 4360 faciat
709 4298 891 4382 episcopus,
907 4299 1029 4375 dicens,
