<?xml version="1.0" encoding="UTF-8"?>
<!DOCTYPE html PUBLIC "-//W3C//DTD XHTML 1.0 Transitional//EN"
    "http://www.w3.org/TR/xhtml1/DTD/xhtml1-transitional.dtd">
<html xmlns="http://www.w3.org/1999/xhtml" xml:lang="en" lang="en">
 <head>
  <title>
</title>
<meta http-equiv="Content-Type" content="text/html;charset=utf-8" />
  <meta name='ocr-system' content='tesseract 3.04.00' />
  <meta name='ocr-capabilities' content='ocr_page ocr_carea ocr_par ocr_line ocrx_word'/>
</head>
<body>
  <div class='ocr_page' id='page_1' title='image "./liberpontifical01baingoog_0176.png"; bbox 0 0 2940 4996; ppageno 0'>
   <div class='ocr_carea' id='block_1_1' title="bbox 406 415 1296 488">
    <p class='ocr_par' dir='ltr' id='par_1_1' title="bbox 406 415 1296 488">
     <span class='ocr_line' id='line_1_1' title="bbox 406 415 1296 488; baseline -0.01 -2"><span class='ocrx_word' id='word_1_1' title='bbox 406 423 624 487; x_wconf 72' lang='lat' dir='ltr'><strong>Conseerotio</strong></span> <span class='ocrx_word' id='word_1_2' title='bbox 640 421 768 487; x_wconf 79' lang='lat' dir='ltr'><strong>altaris</strong></span> <span class='ocrx_word' id='word_1_3' title='bbox 784 424 856 487; x_wconf 76' lang='lat' dir='ltr'><strong>stne</strong></span> <span class='ocrx_word' id='word_1_4' title='bbox 871 423 1040 488; x_wconf 74' lang='lat' dir='ltr'><em>Ecclesia.</em></span> <span class='ocrx_word' id='word_1_5' title='bbox 1231 415 1296 478; x_wconf 88' lang='grc'><strong>123</strong></span> 
     </span>
    </p>
   </div>
   <div class='ocr_carea' id='block_1_2' title="bbox 178 639 927 868">
    <p class='ocr_par' dir='ltr' id='par_1_2' title="bbox 178 639 927 868">
     <span class='ocr_line' id='line_1_2' title="bbox 562 639 927 752; baseline -0.005 -32"><span class='ocrx_word' id='word_1_6' title='bbox 562 639 927 752; x_wconf 56' lang='lat' dir='ltr'><strong>ff]</strong></span> 
     </span>
     <span class='ocr_line' id='line_1_3' title="bbox 178 781 868 868; baseline 0.004 -24"><span class='ocrx_word' id='word_1_7' title='bbox 178 781 223 845; x_wconf 82' lang='lat' dir='ltr'><strong>In</strong></span> <span class='ocrx_word' id='word_1_8' title='bbox 241 792 391 866; x_wconf 81' lang='lat' dir='ltr'><strong>tempore</strong></span> <span class='ocrx_word' id='word_1_9' title='bbox 405 784 584 861; x_wconf 77' lang='lat' dir='ltr'><strong>Posohole‘,</strong></span> <span class='ocrx_word' id='word_1_10' title='bbox 600 784 645 848; x_wconf 87' lang='lat' dir='ltr'><strong>Al</strong></span> <span class='ocrx_word' id='word_1_11' title='bbox 660 822 673 834; x_wconf 91' lang='lat'>-</span> <span class='ocrx_word' id='word_1_12' title='bbox 689 784 720 848; x_wconf 90' lang='lat' dir='ltr'><strong>le</strong></span> <span class='ocrx_word' id='word_1_13' title='bbox 736 822 750 834; x_wconf 94' lang='lat'>-</span> <span class='ocrx_word' id='word_1_14' title='bbox 765 783 868 868; x_wconf 84' lang='lat' dir='ltr'><strong>lu·ya.</strong></span> 
     </span>
    </p>
   </div>
   <div class='ocr_carea' id='block_1_3' title="bbox 244 919 813 1071">
    <p class='ocr_par' dir='ltr' id='par_1_3' title="bbox 244 919 813 1071">
     <span class='ocr_line' id='line_1_4' title="bbox 244 919 813 1071; baseline 0.014 -8"><span class='ocrx_word' id='word_1_15' title='bbox 244 919 813 1071; x_wconf 44' lang='grc' dir='ltr'>ᾗ</span> 
     </span>
    </p>
   </div>
   <div class='ocr_carea' id='block_1_4' title="bbox 177 1090 1015 1272">
    <p class='ocr_par' dir='ltr' id='par_1_4' title="bbox 177 1090 1015 1272">
     <span class='ocr_line' id='line_1_5' title="bbox 181 1090 775 1176; baseline 0.008 -24"><span class='ocrx_word' id='word_1_16' title='bbox 181 1090 245 1154; x_wconf 80' lang='lat' dir='ltr'><strong>Pe.</strong></span> <span class='ocrx_word' id='word_1_17' title='bbox 290 1092 401 1176; x_wconf 82' lang='lat' dir='ltr'><strong>Mag·</strong></span> <span class='ocrx_word' id='word_1_18' title='bbox 417 1113 481 1156; x_wconf 92' lang='lat' dir='ltr'><strong>nus</strong></span> <span class='ocrx_word' id='word_1_19' title='bbox 514 1092 566 1156; x_wconf 92' lang='lat' dir='ltr'><strong>Do</strong></span> <span class='ocrx_word' id='word_1_20' title='bbox 581 1131 595 1142; x_wconf 92' lang='lat'>-</span> <span class='ocrx_word' id='word_1_21' title='bbox 611 1131 624 1142; x_wconf 96' lang='lat'>-</span> <span class='ocrx_word' id='word_1_22' title='bbox 639 1093 775 1157; x_wconf 91' lang='lat' dir='ltr'><strong>mi-nus.</strong></span> 
     </span>
     <span class='ocr_line' id='line_1_6' title="bbox 177 1193 1015 1272; baseline 0.002 -23"><span class='ocrx_word' id='word_1_23' title='bbox 177 1193 248 1251; x_wconf 77' lang='lat' dir='ltr'><strong>Post</strong></span> <span class='ocrx_word' id='word_1_24' title='bbox 260 1193 384 1252; x_wconf 83' lang='lat' dir='ltr'><strong>velatum</strong></span> <span class='ocrx_word' id='word_1_25' title='bbox 398 1194 498 1265; x_wconf 82' lang='lat' dir='ltr'><strong>attare,</strong></span> <span class='ocrx_word' id='word_1_26' title='bbox 515 1194 593 1252; x_wconf 80' lang='lat' dir='ltr'><strong>dicat</strong></span> <span class='ocrx_word' id='word_1_27' title='bbox 607 1195 750 1272; x_wconf 77' lang='lat' dir='ltr'><strong>episcopor</strong></span> <span class='ocrx_word' id='word_1_28' title='bbox 763 1195 836 1253; x_wconf 76' lang='lat' dir='ltr'><strong>hone</strong></span> <span class='ocrx_word' id='word_1_29' title='bbox 850 1194 1015 1252; x_wconf 77' lang='lat' dir='ltr'><strong>orationem.</strong></span> 
     </span>
    </p>
   </div>
   <div class='ocr_carea' id='block_1_5' title="bbox 135 1285 1298 1673">
    <p class='ocr_par' dir='ltr' id='par_1_5' title="bbox 135 1285 1298 1673">
     <span class='ocr_line' id='line_1_7' title="bbox 180 1285 1296 1375; baseline -0.003 -24"><span class='ocrx_word' id='word_1_30' title='bbox 180 1287 400 1374; x_wconf 76' lang='lat' dir='ltr'><strong>Omnipotens</strong></span> <span class='ocrx_word' id='word_1_31' title='bbox 431 1290 632 1375; x_wconf 78' lang='lat' dir='ltr'><strong>sempiterne</strong></span> <span class='ocrx_word' id='word_1_32' title='bbox 662 1289 764 1366; x_wconf 89' lang='lat' dir='ltr'><strong>Deus,</strong></span> <span class='ocrx_word' id='word_1_33' title='bbox 792 1289 901 1354; x_wconf 79' lang='lat' dir='ltr'><strong>altare</strong></span> <span class='ocrx_word' id='word_1_34' title='bbox 926 1291 989 1352; x_wconf 89' lang='lat' dir='ltr'><strong>hoc</strong></span> <span class='ocrx_word' id='word_1_35' title='bbox 1020 1287 1146 1351; x_wconf 88' lang='lat' dir='ltr'><strong>nomini</strong></span> <span class='ocrx_word' id='word_1_36' title='bbox 1172 1291 1231 1351; x_wconf 91' lang='lat' dir='ltr'><strong>tuo</strong></span> <span class='ocrx_word' id='word_1_37' title='bbox 1262 1285 1296 1348; x_wconf 92' lang='lat' dir='ltr'><strong>in</strong></span> 
     </span>
     <span class='ocr_line' id='line_1_8' title="bbox 136 1389 1298 1467; baseline -0.003 -14"><span class='ocrx_word' id='word_1_38' title='bbox 136 1391 264 1456; x_wconf 86' lang='lat' dir='ltr'><strong>honore</strong></span> <span class='ocrx_word' id='word_1_39' title='bbox 296 1393 404 1456; x_wconf 78' lang='lat' dir='ltr'><strong>saneti</strong></span> <span class='ocrx_word' id='word_1_40' title='bbox 430 1393 475 1458; x_wconf 92' lang='lat' dir='ltr'><strong>N.</strong></span> <span class='ocrx_word' id='word_1_41' title='bbox 503 1392 701 1467; x_wconf 78' lang='lat' dir='ltr'><strong>dedicatum,</strong></span> <span class='ocrx_word' id='word_1_42' title='bbox 730 1392 876 1457; x_wconf 87' lang='lat' dir='ltr'><strong>ooelestis</strong></span> <span class='ocrx_word' id='word_1_43' title='bbox 905 1392 1043 1456; x_wconf 84' lang='lat' dir='ltr'><strong>virtutis</strong></span> <span class='ocrx_word' id='word_1_44' title='bbox 1068 1389 1298 1455; x_wconf 82' lang='lat' dir='ltr'><strong>benedictione</strong></span> 
     </span>
     <span class='ocr_line' id='line_1_9' title="bbox 135 1492 1297 1578; baseline -0.002 -23"><span class='ocrx_word' id='word_1_45' title='bbox 135 1492 319 1572; x_wconf 75' lang='lat' dir='ltr'><strong>sanctifica,</strong></span> <span class='ocrx_word' id='word_1_46' title='bbox 347 1500 382 1558; x_wconf 85' lang='lat' dir='ltr'><strong>et</strong></span> <span class='ocrx_word' id='word_1_47' title='bbox 412 1495 564 1558; x_wconf 87' lang='lat' dir='ltr'><strong>omnibus</strong></span> <span class='ocrx_word' id='word_1_48' title='bbox 589 1495 623 1557; x_wconf 91' lang='lat' dir='ltr'><strong>in</strong></span> <span class='ocrx_word' id='word_1_49' title='bbox 650 1500 684 1559; x_wconf 82' lang='lat' dir='ltr'><strong>te</strong></span> <span class='ocrx_word' id='word_1_50' title='bbox 711 1496 924 1578; x_wconf 79' lang='lat' dir='ltr'><strong>sperantibus</strong></span> <span class='ocrx_word' id='word_1_51' title='bbox 953 1493 1071 1558; x_wconf 81' lang='lat' dir='ltr'><strong>auxilii</strong></span> <span class='ocrx_word' id='word_1_52' title='bbox 1096 1493 1147 1557; x_wconf 89' lang='lat' dir='ltr'><strong>tui</strong></span> <span class='ocrx_word' id='word_1_53' title='bbox 1176 1511 1297 1555; x_wconf 89' lang='lat' dir='ltr'><strong>munus</strong></span> 
     </span>
     <span class='ocr_line' id='line_1_10' title="bbox 136 1597 1298 1673; baseline -0.003 -15"><span class='ocrx_word' id='word_1_54' title='bbox 136 1597 288 1673; x_wconf 79' lang='lat' dir='ltr'><strong>ostende,</strong></span> <span class='ocrx_word' id='word_1_55' title='bbox 304 1601 343 1661; x_wconf 87' lang='lat' dir='ltr'><strong>ut</strong></span> <span class='ocrx_word' id='word_1_56' title='bbox 364 1599 474 1663; x_wconf 86' lang='lat' dir='ltr'><strong>hicet</strong></span> <span class='ocrx_word' id='word_1_57' title='bbox 495 1602 780 1663; x_wconf 79' lang='lat' dir='ltr'><strong>sacramentorum</strong></span> <span class='ocrx_word' id='word_1_58' title='bbox 802 1603 936 1662; x_wconf 88' lang='lat' dir='ltr'><strong>tuorum</strong></span> <span class='ocrx_word' id='word_1_59' title='bbox 959 1598 1067 1661; x_wconf 83' lang='lat' dir='ltr'><strong>virtus</strong></span> <span class='ocrx_word' id='word_1_60' title='bbox 1090 1603 1125 1660; x_wconf 90' lang='lat' dir='ltr'><strong>et</strong></span> <span class='ocrx_word' id='word_1_61' title='bbox 1143 1600 1298 1659; x_wconf 86' lang='lat' dir='ltr'><strong>votorum</strong></span> 
     </span>
    </p>
   </div>
   <div class='ocr_carea' id='block_1_6' title="bbox 136 1699 1296 1974">
    <p class='ocr_par' dir='ltr' id='par_1_6' title="bbox 136 1699 1296 1974">
     <span class='ocr_line' id='line_1_11' title="bbox 136 1699 995 1765; baseline 0.002 -5"><span class='ocrx_word' id='word_1_62' title='bbox 136 1699 330 1763; x_wconf 82' lang='lat' dir='ltr'><strong>obtineatur</strong></span> <span class='ocrx_word' id='word_1_63' title='bbox 345 1702 494 1765; x_wconf 88' lang='lat' dir='ltr'><strong>effeetus.</strong></span> <span class='ocrx_word' id='word_1_64' title='bbox 539 1701 605 1764; x_wconf 89' lang='lat' dir='ltr'><strong>Per</strong></span> <span class='ocrx_word' id='word_1_65' title='bbox 620 1699 790 1764; x_wconf 79' lang='lat' dir='ltr'><strong>Christum</strong></span> <span class='ocrx_word' id='word_1_66' title='bbox 806 1699 995 1764; x_wconf 86' lang='lat' dir='ltr'><strong>Dominum.</strong></span> 
     </span>
     <span class='ocr_line' id='line_1_12' title="bbox 176 1799 1296 1880; baseline -0.001 -23"><span class='ocrx_word' id='word_1_67' title='bbox 176 1799 280 1859; x_wconf 82' lang='lat' dir='ltr'><strong>Postea</strong></span> <span class='ocrx_word' id='word_1_68' title='bbox 304 1802 436 1879; x_wconf 78' lang='lat' dir='ltr'><strong>offeratur</strong></span> <span class='ocrx_word' id='word_1_69' title='bbox 459 1803 613 1875; x_wconf 79' lang='lat' dir='ltr'><strong>incensum,</strong></span> <span class='ocrx_word' id='word_1_70' title='bbox 634 1811 659 1860; x_wconf 89' lang='lat' dir='ltr'><strong>et</strong></span> <span class='ocrx_word' id='word_1_71' title='bbox 671 1802 754 1879; x_wconf 84' lang='lat' dir='ltr'><strong>sacto</strong></span> <span class='ocrx_word' id='word_1_72' title='bbox 778 1824 856 1861; x_wconf 81' lang='lat' dir='ltr'><strong>cruce</strong></span> <span class='ocrx_word' id='word_1_73' title='bbox 879 1824 962 1880; x_wconf 81' lang='lat' dir='ltr'><strong>super</strong></span> <span class='ocrx_word' id='word_1_74' title='bbox 985 1802 1085 1873; x_wconf 82' lang='lat' dir='ltr'><strong>altare,</strong></span> <span class='ocrx_word' id='word_1_75' title='bbox 1105 1802 1220 1860; x_wconf 79' lang='lat' dir='ltr'><strong>dicator</strong></span> <span class='ocrx_word' id='word_1_76' title='bbox 1240 1800 1296 1857; x_wconf 81' lang='lat' dir='ltr'><strong>hoeo</strong></span> 
     </span>
     <span class='ocr_line' id='line_1_13' title="bbox 137 1897 307 1974; baseline 0.024 -22"><span class='ocrx_word' id='word_1_77' title='bbox 137 1897 307 1974; x_wconf 74' lang='lat' dir='ltr'><strong>antiphona.</strong></span> 
     </span>
    </p>
   </div>
   <div class='ocr_carea' id='block_1_7' title="bbox 136 2035 1295 2154">
    <p class='ocr_par' dir='ltr' id='par_1_7' title="bbox 136 2035 1295 2154">
     <span class='ocr_line' id='line_1_14' title="bbox 136 2035 1295 2154; baseline -0.001 -2"><span class='ocrx_word' id='word_1_78' title='bbox 136 2035 1295 2154; x_wconf 57' lang='lat' dir='ltr'>Q</span> 
     </span>
    </p>
   </div>
   <div class='ocr_carea' id='block_1_8' title="bbox 182 2181 1296 2268">
    <p class='ocr_par' dir='ltr' id='par_1_8' title="bbox 182 2181 1296 2268">
     <span class='ocr_line' id='line_1_15' title="bbox 182 2181 1296 2268; baseline -0.003 -22"><span class='ocrx_word' id='word_1_79' title='bbox 182 2181 298 2246; x_wconf 90' lang='lat' dir='ltr'><strong>Omnis</strong></span> <span class='ocrx_word' id='word_1_80' title='bbox 313 2190 405 2247; x_wconf 81' lang='lat' dir='ltr'><strong>terro</strong></span> <span class='ocrx_word' id='word_1_81' title='bbox 428 2205 449 2246; x_wconf 84' lang='lat' dir='ltr'><strong>a</strong></span> <span class='ocrx_word' id='word_1_82' title='bbox 459 2184 523 2246; x_wconf 89' lang='lat' dir='ltr'><strong>-do</strong></span> <span class='ocrx_word' id='word_1_83' title='bbox 533 2222 547 2234; x_wconf 94' lang='lat'>-</span> <span class='ocrx_word' id='word_1_84' title='bbox 557 2189 611 2247; x_wconf 84' lang='lat' dir='ltr'><strong>ret</strong></span> <span class='ocrx_word' id='word_1_85' title='bbox 625 2191 659 2248; x_wconf 87' lang='lat' dir='ltr'><strong>te</strong></span> <span class='ocrx_word' id='word_1_86' title='bbox 685 2188 720 2248; x_wconf 90' lang='lat' dir='ltr'><strong>et</strong></span> <span class='ocrx_word' id='word_1_87' title='bbox 735 2183 811 2268; x_wconf 85' lang='lat' dir='ltr'><strong>psal</strong></span> <span class='ocrx_word' id='word_1_88' title='bbox 826 2183 891 2248; x_wconf 80' lang='lat' dir='ltr'><strong>-lnt</strong></span> <span class='ocrx_word' id='word_1_89' title='bbox 906 2183 994 2259; x_wconf 78' lang='lat' dir='ltr'><strong>ti-bi,</strong></span> <span class='ocrx_word' id='word_1_90' title='bbox 1011 2181 1175 2267; x_wconf 80' lang='lat' dir='ltr'><strong>psalmum</strong></span> <span class='ocrx_word' id='word_1_91' title='bbox 1191 2181 1296 2244; x_wconf 81' lang='lat' dir='ltr'><strong>di-eot</strong></span> 
     </span>
    </p>
   </div>
   <div class='ocr_carea' id='block_1_9' title="bbox 136 2351 647 2462">
    <p class='ocr_par' dir='ltr' id='par_1_9' title="bbox 136 2351 647 2462">
     <span class='ocr_line' id='line_1_16' title="bbox 136 2351 647 2462; baseline 0 0"><span class='ocrx_word' id='word_1_92' title='bbox 136 2351 647 2462; x_wconf 49' lang='lat' dir='ltr'><em>Q</em></span> 
     </span>
    </p>
   </div>
   <div class='ocr_carea' id='block_1_10' title="bbox 134 2490 638 2568">
    <p class='ocr_par' dir='ltr' id='par_1_10' title="bbox 134 2490 638 2568">
     <span class='ocr_line' id='line_1_17' title="bbox 134 2490 638 2568; baseline 0.006 -15"><span class='ocrx_word' id='word_1_93' title='bbox 134 2490 294 2554; x_wconf 77' lang='lat' dir='ltr'><strong>nomi-ni</strong></span> <span class='ocrx_word' id='word_1_94' title='bbox 319 2496 357 2554; x_wconf 86' lang='lat' dir='ltr'><strong>tn</strong></span> <span class='ocrx_word' id='word_1_95' title='bbox 374 2529 386 2540; x_wconf 93' lang='lat'>-</span> <span class='ocrx_word' id='word_1_96' title='bbox 402 2512 432 2568; x_wconf 91' lang='lat' dir='ltr'><strong>o,</strong></span> <span class='ocrx_word' id='word_1_97' title='bbox 457 2490 638 2556; x_wconf 91' lang='lat' dir='ltr'><strong>Do-mi-ne.</strong></span> 
     </span>
    </p>
   </div>
   <div class='ocr_carea' id='block_1_11' title="bbox 562 2658 872 2737">
    <p class='ocr_par' dir='ltr' id='par_1_11' title="bbox 562 2658 872 2737">
     <span class='ocr_line' id='line_1_18' title="bbox 562 2658 872 2737; baseline 0 0"><span class='ocrx_word' id='word_1_98' title='bbox 562 2658 872 2737; x_wconf 64' lang='grc' dir='ltr'><strong>Π--Ἑ</strong></span> 
     </span>
    </p>
   </div>
   <div class='ocr_carea' id='block_1_12' title="bbox 134 2802 1299 3072">
    <p class='ocr_par' dir='ltr' id='par_1_12' title="bbox 134 2802 1299 3072">
     <span class='ocr_line' id='line_1_19' title="bbox 181 2802 868 2887; baseline 0 -22"><span class='ocrx_word' id='word_1_99' title='bbox 181 2803 227 2865; x_wconf 82' lang='lat' dir='ltr'><strong>In</strong></span> <span class='ocrx_word' id='word_1_100' title='bbox 243 2811 389 2884; x_wconf 85' lang='lat' dir='ltr'><strong>tempore</strong></span> <span class='ocrx_word' id='word_1_101' title='bbox 405 2803 585 2878; x_wconf 75' lang='lat' dir='ltr'><strong>Poeotole&#39;,</strong></span> <span class='ocrx_word' id='word_1_102' title='bbox 601 2802 643 2865; x_wconf 92' lang='lat' dir='ltr'><strong>Al</strong></span> <span class='ocrx_word' id='word_1_103' title='bbox 661 2839 674 2850; x_wconf 92' lang='lat'><em>-</em></span> <span class='ocrx_word' id='word_1_104' title='bbox 690 2802 721 2864; x_wconf 91' lang='lat' dir='ltr'><strong>le</strong></span> <span class='ocrx_word' id='word_1_105' title='bbox 737 2841 747 2852; x_wconf 87' lang='lat'>·</span> <span class='ocrx_word' id='word_1_106' title='bbox 766 2802 868 2887; x_wconf 84' lang='lat' dir='ltr'><strong>ln-ya.</strong></span> 
     </span>
     <span class='ocr_line' id='line_1_20' title="bbox 178 2905 1299 2983; baseline 0 -21"><span class='ocrx_word' id='word_1_107' title='bbox 178 2905 259 2963; x_wconf 81' lang='lat' dir='ltr'><strong>Tunc</strong></span> <span class='ocrx_word' id='word_1_108' title='bbox 279 2905 358 2964; x_wconf 78' lang='lat' dir='ltr'><strong>dicat</strong></span> <span class='ocrx_word' id='word_1_109' title='bbox 373 2905 510 2983; x_wconf 79' lang='lat' dir='ltr'><strong>pontifex,</strong></span> <span class='ocrx_word' id='word_1_110' title='bbox 527 2905 710 2982; x_wconf 80' lang='lat' dir='ltr'><strong>oppodiaodo</strong></span> <span class='ocrx_word' id='word_1_111' title='bbox 731 2927 757 2962; x_wconf 80' lang='lat' dir='ltr'><strong>se</strong></span> <span class='ocrx_word' id='word_1_112' title='bbox 777 2927 861 2983; x_wconf 82' lang='lat' dir='ltr'><strong>super</strong></span> <span class='ocrx_word' id='word_1_113' title='bbox 881 2907 980 2978; x_wconf 81' lang='lat' dir='ltr'><strong>altore,</strong></span> <span class='ocrx_word' id='word_1_114' title='bbox 998 2906 1130 2964; x_wconf 75' lang='lat' dir='ltr'><strong>manibus</strong></span> <span class='ocrx_word' id='word_1_115' title='bbox 1144 2907 1254 2982; x_wconf 78' lang='lat' dir='ltr'><strong>junctis</strong></span> <span class='ocrx_word' id='word_1_116' title='bbox 1275 2914 1299 2962; x_wconf 86' lang='lat' dir='ltr'><strong>et</strong></span> 
     </span>
     <span class='ocr_line' id='line_1_21' title="bbox 134 2999 763 3072; baseline -0.002 -15"><span class='ocrx_word' id='word_1_117' title='bbox 134 3020 250 3058; x_wconf 75' lang='lat' dir='ltr'><strong>sursum</strong></span> <span class='ocrx_word' id='word_1_118' title='bbox 263 3000 357 3057; x_wconf 84' lang='lat' dir='ltr'><strong>devote</strong></span> <span class='ocrx_word' id='word_1_119' title='bbox 370 3000 498 3072; x_wconf 75' lang='lat' dir='ltr'><strong>dovotio,</strong></span> <span class='ocrx_word' id='word_1_120' title='bbox 512 2999 585 3057; x_wconf 71' lang='lat' dir='ltr'><strong>hono</strong></span> <span class='ocrx_word' id='word_1_121' title='bbox 599 3000 763 3057; x_wconf 80' lang='lat' dir='ltr'><strong>orationem.</strong></span> 
     </span>
    </p>
   </div>
   <div class='ocr_carea' id='block_1_13' title="bbox 139 3092 1300 3381">
    <p class='ocr_par' dir='ltr' id='par_1_13' title="bbox 139 3092 1300 3381">
     <span class='ocr_line' id='line_1_22' title="bbox 182 3092 1300 3179; baseline 0 -21"><span class='ocrx_word' id='word_1_122' title='bbox 182 3094 384 3170; x_wconf 83' lang='lat' dir='ltr'><strong>Descendat‚</strong></span> <span class='ocrx_word' id='word_1_123' title='bbox 401 3115 599 3177; x_wconf 76' lang='lat' dir='ltr'><strong>quaesumus,</strong></span> <span class='ocrx_word' id='word_1_124' title='bbox 622 3092 764 3157; x_wconf 89' lang='lat' dir='ltr'><strong>Domine</strong></span> <span class='ocrx_word' id='word_1_125' title='bbox 786 3092 878 3157; x_wconf 88' lang='lat' dir='ltr'><strong>Deus</strong></span> <span class='ocrx_word' id='word_1_126' title='bbox 901 3099 1028 3170; x_wconf 87' lang='lat' dir='ltr'><strong>noster,</strong></span> <span class='ocrx_word' id='word_1_127' title='bbox 1053 3095 1198 3179; x_wconf 81' lang='lat' dir='ltr'><strong>Spiritus</strong></span> <span class='ocrx_word' id='word_1_128' title='bbox 1220 3100 1300 3159; x_wconf 82' lang='lat' dir='ltr'><strong>tuus</strong></span> 
     </span>
     <span class='ocr_line' id='line_1_23' title="bbox 139 3195 1299 3281; baseline -0.002 -19"><span class='ocrx_word' id='word_1_129' title='bbox 139 3197 285 3262; x_wconf 83' lang='lat' dir='ltr'><strong>Sanetus</strong></span> <span class='ocrx_word' id='word_1_130' title='bbox 300 3217 400 3281; x_wconf 88' lang='lat' dir='ltr'><strong>super</strong></span> <span class='ocrx_word' id='word_1_131' title='bbox 415 3197 477 3258; x_wconf 88' lang='lat' dir='ltr'><strong>hoo</strong></span> <span class='ocrx_word' id='word_1_132' title='bbox 493 3195 610 3271; x_wconf 81' lang='lat' dir='ltr'><strong>altore,</strong></span> <span class='ocrx_word' id='word_1_133' title='bbox 627 3195 684 3279; x_wconf 90' lang='lat' dir='ltr'><strong>qui</strong></span> <span class='ocrx_word' id='word_1_134' title='bbox 700 3201 735 3259; x_wconf 86' lang='lat' dir='ltr'><strong>et</strong></span> <span class='ocrx_word' id='word_1_135' title='bbox 749 3196 861 3280; x_wconf 90' lang='lat' dir='ltr'><strong>populi</strong></span> <span class='ocrx_word' id='word_1_136' title='bbox 885 3197 935 3260; x_wconf 86' lang='lat' dir='ltr'><strong>tui</strong></span> <span class='ocrx_word' id='word_1_137' title='bbox 951 3197 1038 3261; x_wconf 81' lang='lat' dir='ltr'><strong>donn</strong></span> <span class='ocrx_word' id='word_1_138' title='bbox 1054 3197 1249 3271; x_wconf 83' lang='lat' dir='ltr'><strong>sanctificet,</strong></span> <span class='ocrx_word' id='word_1_139' title='bbox 1265 3203 1299 3260; x_wconf 87' lang='lat' dir='ltr'><strong>et</strong></span> 
     </span>
     <span class='ocr_line' id='line_1_24' title="bbox 139 3297 1299 3381; baseline 0.001 -20"><span class='ocrx_word' id='word_1_140' title='bbox 139 3299 344 3362; x_wconf 86' lang='lat' dir='ltr'><strong>sumentium</strong></span> <span class='ocrx_word' id='word_1_141' title='bbox 360 3299 413 3362; x_wconf 87' lang='lat' dir='ltr'><strong>hie</strong></span> <span class='ocrx_word' id='word_1_142' title='bbox 437 3299 537 3362; x_wconf 83' lang='lat' dir='ltr'><strong>corda</strong></span> <span class='ocrx_word' id='word_1_143' title='bbox 557 3299 719 3381; x_wconf 84' lang='lat' dir='ltr'><strong>purificet.</strong></span> <span class='ocrx_word' id='word_1_144' title='bbox 765 3299 829 3362; x_wconf 89' lang='lat' dir='ltr'><strong>Per</strong></span> <span class='ocrx_word' id='word_1_145' title='bbox 851 3297 1028 3362; x_wconf 91' lang='lat' dir='ltr'><strong>Dominum</strong></span> <span class='ocrx_word' id='word_1_146' title='bbox 1052 3304 1213 3363; x_wconf 89' lang='lat' dir='ltr'><strong>nostrum.</strong></span> <span class='ocrx_word' id='word_1_147' title='bbox 1260 3299 1299 3362; x_wconf 92' lang='lat' dir='ltr'><strong>In</strong></span> 
     </span>
    </p>
   </div>
   <div class='ocr_carea' id='block_1_14' title="bbox 139 3402 1298 3578">
    <p class='ocr_par' dir='ltr' id='par_1_14' title="bbox 139 3402 1298 3578">
     <span class='ocr_line' id='line_1_25' title="bbox 139 3402 447 3484; baseline 0.003 -21"><span class='ocrx_word' id='word_1_148' title='bbox 139 3402 272 3465; x_wconf 80' lang='lat' dir='ltr'><strong>unitate</strong></span> <span class='ocrx_word' id='word_1_149' title='bbox 288 3402 447 3484; x_wconf 85' lang='lat' dir='ltr'><strong>ejusdem.</strong></span> 
     </span>
     <span class='ocr_line' id='line_1_26' title="bbox 184 3502 1298 3578; baseline 0.001 -17"><span class='ocrx_word' id='word_1_150' title='bbox 184 3503 225 3561; x_wconf 87' lang='lat' dir='ltr'><strong>Et</strong></span> <span class='ocrx_word' id='word_1_151' title='bbox 244 3504 360 3561; x_wconf 84' lang='lat' dir='ltr'><strong>dicotur</strong></span> <span class='ocrx_word' id='word_1_152' title='bbox 372 3505 459 3560; x_wconf 81' lang='lat' dir='ltr'><strong>missa</strong></span> <span class='ocrx_word' id='word_1_153' title='bbox 480 3503 513 3561; x_wconf 83' lang='lat' dir='ltr'><strong>de</strong></span> <span class='ocrx_word' id='word_1_154' title='bbox 533 3510 627 3562; x_wconf 81' lang='lat' dir='ltr'><strong>saneto</strong></span> <span class='ocrx_word' id='word_1_155' title='bbox 648 3502 681 3561; x_wconf 83' lang='lat' dir='ltr'><strong>de</strong></span> <span class='ocrx_word' id='word_1_156' title='bbox 702 3503 781 3578; x_wconf 79' lang='lat' dir='ltr'><strong>cnjus</strong></span> <span class='ocrx_word' id='word_1_157' title='bbox 801 3504 902 3562; x_wconf 76' lang='lat' dir='ltr'><strong>honore</strong></span> <span class='ocrx_word' id='word_1_158' title='bbox 922 3505 1070 3562; x_wconf 82' lang='lat' dir='ltr'><strong>dedicatur</strong></span> <span class='ocrx_word' id='word_1_159' title='bbox 1090 3505 1189 3576; x_wconf 82' lang='lat' dir='ltr'><strong>altore,</strong></span> <span class='ocrx_word' id='word_1_160' title='bbox 1204 3505 1246 3562; x_wconf 84' lang='lat' dir='ltr'><strong>vel</strong></span> <span class='ocrx_word' id='word_1_161' title='bbox 1265 3507 1298 3562; x_wconf 83' lang='lat' dir='ltr'><strong>de</strong></span> 
     </span>
    </p>
   </div>
   <div class='ocr_carea' id='block_1_15' title="bbox 139 3600 196 3657">
    <p class='ocr_par' dir='ltr' id='par_1_15' title="bbox 139 3600 196 3657">
     <span class='ocr_line' id='line_1_27' title="bbox 139 3600 196 3657; baseline -0.018 0"><span class='ocrx_word' id='word_1_162' title='bbox 139 3600 196 3657; x_wconf 81' lang='lat' dir='ltr'><strong>die.</strong></span> 
     </span>
    </p>
   </div>
   <div class='ocr_carea' id='block_1_16' title="bbox 0 0 1474 4996">
    <p class='ocr_par' dir='ltr' id='par_1_16' title="bbox 0 0 1474 4996">
     <span class='ocr_line' id='line_1_28' title="bbox 0 0 1474 4996; baseline 0 0"><span class='ocrx_word' id='word_1_163' title='bbox 0 0 1474 4996; x_wconf 95' lang='lat' dir='ltr'><strong> </strong></span> 
     </span>
    </p>
   </div>
  </div>
 </body>
</html>
