2940 4996
152 394 215 456 366
557 395 763 458 ordination
779 393 882 460 Lista.

192 568 361 630 Robertus
399 566 576 650 Hoperton
615 568 655 632 ad
695 568 832 633 titulum
869 569 986 633 domus
1024 565 1220 633 monialium
1260 564 1301 629 de

1071 672 1299 757 Kirkeleghes

135 845 137 850 ,
189 777 363 839 lohannes
379 775 601 860 Brakyubury
618 777 774 841 Dunelm.
790 779 873 844 dioc.
890 780 932 844 ad
948 778 1086 845 titulum
1104 776 1300 841 monasterii

625 883 665 944 de
681 882 849 967 Egleston
865 906 926 967 per
941 883 1061 948 literas
1078 883 1301 947 dimissorias.

191 985 357 1070 Georgius
372 985 575 1049 Leilbourue
599 985 755 1048 Dunelm.
772 987 855 1052 dioc.
880 988 922 1052 ad
945 989 1083 1052 titulum
1104 985 1302 1051 monasterii

620 1090 660 1152 de
678 1091 866 1156 Albulanda
881 1113 942 1177 per
957 1092 1076 1157 literas
1092 1091 1303 1155 dimissorias

143 1253 145 1258 ,
194 1196 214 1259 J
219 1197 367 1260 ohannes
382 1191 572 1257 Walbanke
589 1194 630 1257 ad
647 1195 782 1259 titulum
800 1197 997 1261 monasterii
1014 1199 1054 1261 de
1071 1197 1173 1280 Selby

196 1301 391 1363 Willelmus
408 1300 588 1362 Bursoowe
605 1299 647 1362 ad
663 1300 800 1363 titulum
817 1302 1016 1366 monasterii
1032 1303 1073 1364 de
1092 1301 1194 1383 Selby

195 1405 366 1468 Henrieus
382 1403 584 1486 Langeaker
599 1403 640 1465 ad
657 1403 794 1468 titulum
811 1408 982 1489 prioratus
998 1407 1037 1468 de
1055 1405 1189 1470 Malton

196 1488 360 1571 Ricardus
376 1508 524 1569 Peresou
540 1506 583 1569 ad
599 1506 734 1569 titulum
751 1510 869 1572 domus
881 1511 1076 1573 monialium
1092 1509 1133 1571 de
1150 1506 1304 1590 Molseby

192 1613 360 1675 Robertus
387 1609 641 1693 Ohambirleyne
670 1609 849 1675 Oarliolen.
874 1613 957 1676 dioc.
982 1613 1025 1676 ad
1050 1611 1187 1676 titulum
1213 1609 1301 1693 prio-

775 1724 871 1781 ratus
887 1718 928 1781 de
943 1716 1087 1781 Wattou
1103 1736 1165 1801 per
1180 1714 1304 1778 literas

1090 1818 1300 1883 dimissorias

194 1926 363 1988 Robertus
380 1921 551 1984 Thwaites
567 1921 609 1983 ad
625 1921 762 1985 titulum
779 1924 950 2007 prioratus
966 1923 1006 1986 de
1022 1924 1160 2008 Helagh
1176 1922 1266 1986 Park

197 2028 390 2091 Willelmus
406 2025 480 2089 Bell
498 2026 540 2089 ad
556 2027 692 2089 titulum
709 2027 905 2092 monasterii
922 2029 961 2091 de
978 2026 1227 2092 Thorneholme

196 2134 390 2199 Willelmus
437 2131 553 2216 Smyth
600 2132 640 2195 ad
679 2132 816 2195 titulum
863 2134 980 2197 domus
1021 2133 1217 2198 monialium
1262 2133 1302 2194 de

1095 2236 1302 2319 Kirkleghes

195 2342 359 2407 Ricardus
403 2337 539 2401 Wilson
581 2339 622 2402 ad
668 2339 807 2403 titulum
857 2341 974 2403 domus
1020 2340 1216 2404 monialium
1262 2339 1302 2402 de

1078 2444 1305 2528 Kirkeleghes

198 2550 362 2633 Georgius
374 2547 484 2610 Bruke
495 2546 537 2609 ad
550 2545 686 2608 titulum
697 2548 813 2609 domus
826 2545 1019 2610 monialium
1030 2547 1070 2610 de
1081 2547 1305 2632 Kirkeleghes

198 2653 384 2717 Edwardus
400 2652 491 2733 Payn
507 2649 548 2712 ad
571 2648 709 2713 titulum
731 2651 927 2714 monasterii
951 2652 991 2714 de
1014 2652 1139 2737 Heppa
1161 2651 1303 2715 Karliol.

782 2756 868 2820 dioc.
885 2779 945 2841 per
961 2757 1079 2822 literas
1095 2760 1302 2822 dimissorias

193 2865 214 2928 J
217 2866 367 2927 ohannes
383 2860 486 2923 Rotee
504 2861 544 2923 ad
562 2859 700 2922 titulum
717 2860 834 2924 domus
851 2861 1045 2926 monialium
1063 2863 1103 2926 de
1119 2863 1283 2928 Rosedale

193 2966 422 3032 Gliristoferus
441 2963 560 3026 Waike
578 2963 620 3026 ad
638 2963 775 3026 titulum
793 2965 964 3048 prioratus
980 2967 1020 3029 de
1038 2966 1178 3032 Wartre

199 3075 345 3136 Thomas
363 3067 535 3131 Blithman
551 3068 590 3129 ad
609 3066 746 3130 titulum
764 3069 960 3133 monasterii
975 3070 1016 3134 de
1035 3069 1135 3153 Selby

198 3178 367 3241 Robertus
413 3171 574 3234 Hudeson
614 3170 657 3232 ad
695 3170 829 3234 titulum
868 3172 984 3236 domus
1022 3173 1220 3237 monialium
1265 3175 1303 3236 de

1033 3276 1302 3363 Wallingwelles

199 3387 219 3449 J
222 3386 372 3448 ohannes
388 3381 505 3443 Moore
522 3378 564 3441 ad
581 3378 718 3440 titulum
735 3379 931 3443 monasterii
949 3381 989 3443 de
1005 3381 1099 3466 Rupe

197 3491 365 3555 Robertus
381 3485 561 3567 Robynsou
578 3481 732 3545 Dunelm.
749 3484 833 3546 dioc.
850 3484 892 3546 ad
915 3484 1049 3548 titulum
1068 3485 1187 3550 domus
1202 3488 1303 3551 moni-

574 3587 676 3650 alium
687 3586 726 3648 de
738 3588 888 3651 Marrike
898 3609 959 3673 per
969 3589 1087 3654 literas
1098 3591 1306 3656 dimissorias

200 3700 221 3763 J
224 3700 372 3762 ohannes
390 3693 512 3756 Oolson
529 3691 571 3755 ad
587 3691 722 3754 titulum
739 3692 856 3756 domus
873 3694 1066 3757 monialium
1082 3695 1124 3758 de
1140 3695 1292 3781 Molseby

201 3802 365 3885 Georgius
382 3797 484 3860 Reide
503 3796 543 3859 ad
561 3795 699 3858 titulum
716 3795 835 3858 domus
851 3797 1047 3860 monialium
1063 3797 1104 3860 de
1122 3797 1294 3863 Grendaill

193 3906 357 3972 Ricardus
371 3901 489 3965 Olerlre
502 3899 658 3962 Dunelm·
671 3899 755 3963 dioc.
772 3900 812 3962 ad
826 3899 961 3963 titulum
978 3901 1097 3964 domus
1110 3904 1302 3967 monialium
1316 3909 1322 3923 ’

629 4002 669 4064 de
686 4003 870 4066 Neishame
887 4014 947 4087 per
962 4004 1080 4069 literas
1096 4006 1304 4072 dimissorias

198 4115 360 4196 Georgius
373 4108 531 4172 Fletcher
546 4106 587 4168 ad
604 4106 741 4169 titulum
758 4107 875 4170 domus
885 4106 1079 4171 monialium
1096 4109 1136 4172 de
1154 4110 1302 4195 Molseby

196 4220 364 4281 Robertus
380 4212 552 4296 Lyndesey
568 4208 722 4272 Dunelm.
740 4210 823 4273 dioo.
841 4211 882 4274 ad
898 4210 1033 4274 titulum
1049 4215 1248 4279 monasterii
1262 4215 1299 4278 de

693 4314 865 4378 Alnewike
882 4337 942 4398 per
957 4317 1076 4381 literas
1093 4318 1298 4384 dimissorias

197 4425 357 4493 Girardus
374 4421 476 4504 Oolyn
494 4419 534 4482 ad
552 4417 689 4481 titulum
707 4419 877 4504 prioratus
894 4421 934 4482 de
951 4420 1082 4486 Malton
