2940 4996
165 408 207 475 62
560 413 745 481 Dedtcotio
760 414 934 482 Ecclesia,

200 596 317 657 Exinde
329 599 424 658 veniat
437 601 580 680 epiecopus
593 603 626 661 ia
638 604 764 663 mediam
784 604 911 678 eeclaioe,
925 605 965 664 od
978 604 1087 664 dolium
1106 626 1183 684 apae
1192 605 1317 685 plenam

159 690 308 752 Ministrr's
328 715 391 754 aero
410 696 435 754 ei
454 697 488 755 io
508 698 605 775 clipeo
624 699 736 760 enecato
755 701 929 778 offerentibus
949 701 994 760 soi
1013 709 1039 762 et
1059 702 1180 762 cinerem
1201 703 1276 764 inter
1293 726 1319 765 se

159 787 294 861 divisura,
309 789 450 849 benedicat
462 791 506 849 sal
518 791 644 851 dicere*

200 881 334 943 Oratione
348 893 441 944 cratero
448 887 549 962 finita,
565 887 752 967 ealeataque
769 898 909 963 sumatur,
928 889 984 972 [et]
1001 890 1122 969 singuiis
1142 891 1231 951 doliis
1243 901 1320 952 eatro

159 977 302 1037 ecclesiane
316 980 420 1058 positia
439 980 619 1058 diffundetur.
662 983 742 1043 Turio
763 985 870 1064 eliquia
889 987 1087 1046 otirtietroraor
1105 986 1140 1045 de
1159 987 1225 1065 epse
1245 1008 1320 1065 aqua

71 1133 78 1142 ,
155 1075 332 1152 sonctificate
347 1078 525 1155 perticulam
544 1100 633 1139 arram
650 1080 683 1140 io
703 1102 767 1140 oeae
786 1103 905 1157 saurais,
920 1083 1047 1162 episeopo
1060 1083 1166 1159 offerat,
1181 1083 1216 1141 c'o
1234 1103 1319 1160 paam

157 1170 281 1230 chrisma
299 1180 399 1249 ponet,
423 1180 447 1232 et
471 1174 510 1231 od
537 1175 627 1234 nitere
650 1177 784 1250 nocedct;
811 1178 989 1256 depositaque
1012 1198 1085 1255 cepa
1110 1177 1215 1235 lintheo
1237 1198 1319 1256 saper

157 1268 257 1326 stolone
277 1270 410 1328 etaltera
429 1270 593 1343 succinctas,
607 1293 640 1330 ee
659 1273 723 1351 epae
744 1294 820 1352 epac
840 1275 988 1334 chrismate
1010 1274 1115 1351 iresectu
1134 1294 1244 1332 cracem
1257 1294 1318 1332 eam

150 1362 253 1439 pollice
265 1385 315 1422 sero
322 1364 416 1439 jaciat
430 1365 463 1423 in
473 1365 565 1423 aredio
580 1367 681 1425 aitaris
693 1389 705 1440 ,·
724 1369 825 1429 deindo
838 1369 872 1430 irc
885 1370 1019 1442 deutero;
1039 1376 1065 1428 et
1073 1376 1139 1448 poet
1151 1369 1186 1427 ira
1199 1368 1318 1427 sinistra

153 1465 238 1534 parte
251 1479 301 1535 per
315 1467 436 1535 quatuor
448 1481 554 1519 cornua
569 1461 673 1520 decena.

202 1553 435 1621 Sanctificetur
455 1557 518 1621 hoc
544 1557 652 1622 altare
678 1558 713 1623 in
739 1560 870 1625 nomine
894 1556 1057 1631 Patris*
1078 1561 1114 1624 et
1139 1557 1220 1624 Filii
1233 1555 1271 1630 *1⁴
1285 1563 1319 1624 et

158 1655 305 1741 Spiritus
320 1661 360 1740 »Β
377 1658 502 1723 Sancti.
549 1660 665 1726 Amen.

195 1760 265 1818 Post
278 1769 407 1838 aspergat
422 1761 454 1819 de
467 1762 531 1840 ipse
552 1783 628 1840 aque
649 1763 726 1823 idem
737 1764 829 1824 altore
841 1785 905 1824 eaor
925 1765 1082 1844 aspersorio
1094 1783 1180 1844 ysopo
1200 1763 1317 1843 desuper

158 1863 184 1916 ct
196 1856 230 1916 ia
242 1855 365 1915 circuitu
377 1856 475 1935 septies
488 1859 630 1918 corderado
643 1860 715 1919 heac
729 1859 926 1939 antiphonaria

198 2161 383 2249 Asper-ges
405 2185 469 2242 me,
484 2164 664 2242 Do-mi-ne,
687 2186 708 2248 y
723 2202 737 2214 -
754 2184 791 2228 so
806 2201 821 2213 ·
835 2184 878 2248 po
914 2169 949 2227 et
970 2162 1108 2228 mun-da
1123 2199 1136 2212 ·
1151 2163 1223 2239 bor,
1253 2161 1288 2227 la
1303 2198 1315 2213 -

160 2503 201 2547 ra
216 2520 229 2531 -
244 2483 297 2548 bis
327 2504 379 2547 me
409 2489 445 2548 et
463 2504 563 2568 super
577 2483 701 2547 ni-vem
716 2482 757 2547 de
772 2521 786 2532 -
801 2483 968 2548 al-ba-bor

368 2673 545 2758 :31:-
545 2663 1296 2803 ιῖιῐιῑιῖ-ΞΞΙΣΠΣΙΞἘ

200 2809 373 2874 Paetinae.
417 2757 749 2874 nii-se-re-reme-i
778 2807 923 2873 De·us.
968 2829 986 2872 e
1017 2831 1040 2871 u
1070 2828 1090 2873 o
1120 2831 1143 2872 u
1173 2831 1194 2874 a
1223 2830 1253 2875 e.
1327 2846 1329 2851 ⁴

195 2911 256 2971 Ha
262 2912 370 2990 finitis,
384 2913 459 2989 picoti
471 2933 505 2971 ee
516 2913 582 2990 apro
601 2932 676 2990 apua
689 2911 834 2986 remansit,
849 2911 888 2969 ud
907 2911 997 2970 taeta
1011 2910 1113 2970 alteas
1123 2909 1275 2985 fundetur,
1290 2922 1316 2975 a

157 3030 176 3068 o
186 3009 307 3088 presule
320 3009 444 3069 dicotur.

199 3105 362 3170 Dominus
377 3103 557 3169 vobiscum.

200 3209 245 3273 Et
259 3229 334 3271 cum
349 3206 470 3289 spiritu
484 3210 554 3271 tuo.

200 3311 345 3376 Pateant
365 3308 407 3373 ad
431 3310 494 3374 hoc
516 3309 624 3374 altare
646 3326 746 3373 aures
767 3305 999 3372 misericordia
1020 3309 1095 3383 tuae,
1114 3327 1314 3392 quaesumus,

157 3413 309 3488 Domine,
333 3411 485 3497 precibus
512 3411 790 3496 supplicantium
817 3413 852 3474 et
873 3409 1018 3495 gratiam
1039 3409 1227 3478 divinitatis
1250 3419 1316 3479 tua

156 3540 216 3604 per
230 3515 442 3601 praesentiam
460 3514 572 3577 Sancti
589 3513 733 3599 Spiritus
750 3532 851 3597 super
864 3511 954 3576 istud
967 3511 1149 3577 elementer
1159 3535 1315 3602 asperge,

153 3619 380 3686 intercedente
396 3619 511 3680 sancto
527 3615 571 3680 N.
586 3615 619 3678 in
642 3616 738 3700 cujus
753 3614 968 3678 veneratione
982 3613 1046 3678 hoc
1061 3635 1315 3696 consecramus3

158 3744 267 3790 annue
289 3725 329 3785 ut
349 3719 418 3783 rivi
434 3717 566 3803 lapides
587 3739 648 3802 per
669 3723 704 3784 te
720 3718 888 3803 erigamur
909 3715 943 3778 in
966 3715 1069 3794 ooelis,
1086 3718 1191 3783 sacris
1205 3724 1317 3786 tecum

156 3822 365 3914 permansuri
388 3821 543 3897 aedificiis,
559 3824 659 3904 atque
679 3825 719 3886 nt
740 3819 931 3906 petentibus
951 3817 1006 3883 hio
1027 3817 1218 3886 desiderata
1240 3843 1317 3888 con-

157 3929 267 4003 cedas,
282 3923 442 3989 Paraeliti
464 3923 514 3987 tui
534 3923 720 4006 inspirante
743 3922 929 3999 clementia,
946 3920 1048 3986 corda
1066 3927 1185 3988 nostra
1199 3923 1318 3990 ‹livinae

157 4028 329 4116 sapientia
352 4025 560 4090 condimento
583 4026 764 4090 clementer
785 4046 944 4111 expurga,
959 4028 999 4089 nt
1017 4024 1080 4089 tibi
1101 4024 1227 4111 placita
1241 4050 1318 4115 pos-

156 4136 266 4203 tulare
282 4135 317 4194 et
339 4129 445 4213 petita
461 4128 639 4214 dignanter
653 4150 673 4193 a
687 4133 722 4193 te
745 4128 895 4192 obtinere
910 4147 1107 4194 mereamur.
1152 4128 1216 4216 Qui
1231 4132 1317 4199 rivis

158 4244 194 4304 et
207 4252 328 4319 regnas
343 4230 435 4294 Deus
450 4251 511 4314 per
526 4231 636 4295 omnia
651 4229 771 4294 saecula
787 4229 991 4297 seculorum.
1035 4231 1154 4299 Amen.

157 4357 174 4392 ὕ
192 4353 250 4408 The
261 4347 433 4406 benedietion
446 4346 469 4403 is
482 4348 596 4404 omitted
609 4348 639 4403 in
653 4347 700 4403 the
712 4346 768 4404 MS.
