2940 4996
402 414 620 480 Ooaseoratio
636 414 765 480 attaris
780 416 852 480 eine
867 415 1038 481 Ecclesia.

180 617 253 682 Pax
268 622 391 683 tecum.

179 721 223 785 Et
239 744 314 786 cum
331 724 452 809 spiritu
467 728 536 790 tuo.
663 788 665 792 ,

174 824 216 882 Et
229 833 372 902 repetatur
380 848 436 904 per
448 827 597 903 quodlibet,
611 826 638 884 st
649 825 744 903 plures
756 826 822 887 siat.

175 917 301 977 Interior
314 928 441 980 cantetur
454 921 621 999 antiphona.

1028 1102 1297 1174 —ae--l

180 1224 298 1288 Ma-ne
321 1245 507 1310 sur-gens
533 1224 653 1289 Ja-cob
690 1245 747 1288 e·
771 1224 970 1309 ri-ge·bat
1004 1224 1237 1309 la-pi-dem
1262 1225 1296 1286 in

136 1387 1297 1517 Q

136 1545 367 1611 ti·tu-lum
397 1547 582 1612 fun-dens
613 1547 810 1611 o-le-um
840 1548 1072 1632 de-sup-er
1108 1553 1295 1611 vo--tum

136 1706 1297 1874 Q

422 1819 599 1858 —-—}

137 1928 182 1971 vo
193 1908 266 1972 -uit
279 1907 331 1972 Do
347 1946 361 1958 -
377 1908 423 1971 mi
437 1947 451 1958 -
466 1930 510 1973 uo
562 1930 603 1973 ve
619 1929 684 1973 -re
711 1909 744 1973 lo
760 1930 847 1974 -cus
870 1909 900 1974 is
915 1949 928 1961 ·
943 1914 978 1974 te
1005 1916 1141 1974 sanctus
1180 1914 1233 1973 est
1263 1913 1298 1971 et

136 2099 654 2216 Q

137 2250 235 2315 e-go
302 2231 618 2296 nes-ei-e·bam.

548 2388 870 2530 ᾖ

183 2559 227 2622 In
245 2567 391 2641 tempore
406 2559 585 2637 Panaetoli,
601 2559 683 2625 al-le
699 2598 712 2609 -
728 2559 832 2644 lu-ya.

282 2738 832 2862 Ἦ

183 2885 248 2949 Pe.
293 2885 435 2949 Bo-num
451 2890 503 2947 est
518 2884 618 2948 con-fi
635 2921 647 2932 -
663 2891 697 2947 te
713 2921 726 2932 -
742 2884 782 2947 ri.

186 2988 318 3052 Oratio.
362 2986 465 3062 Deus,
492 2985 550 3069 qui
576 2985 618 3050 ad
649 2985 921 3050 sanctificandum
948 2986 1206 3072 primogenitum
1236 2986 1297 3050 tibi

135 3088 298 3176 populum
319 3088 527 3153 tabernaculi
551 3087 721 3172 exemplar
744 3088 779 3150 in
801 3093 914 3152 monte
938 3089 1019 3152 Sina
1042 3090 1152 3174 Moysi
1172 3090 1298 3153 famulo

134 3201 197 3257 tuo
229 3191 380 3276 mysticis
415 3191 713 3275 significationibus
746 3191 994 3267 demonstrasti,
1025 3192 1203 3255 seeundum
1238 3213 1298 3254 roe·

135 3295 273 3360 testium
298 3294 440 3358 formam
469 3295 570 3357 terris
596 3297 748 3357 sanctum
775 3293 965 3376 disponens,
992 3298 1031 3357 ut
1060 3294 1102 3357 ad
1128 3298 1162 3358 te
1189 3294 1297 3377 ipsum

136 3403 256 3463 nostra
270 3419 342 3482 qua
364 3397 520 3461 videntur
542 3398 741 3474 attraheres,
763 3402 797 3462 et
813 3398 968 3481 supernis
990 3403 1126 3461 terrena
1142 3399 1299 3474 sociares,

137 3506 306 3586 quatenus
329 3501 515 3565 eminentia
538 3501 724 3584 spiritualis
748 3501 828 3565 illuc
843 3492 999 3566 tender‘et
1020 3506 1055 3566 te
1077 3507 1219 3566 vocante
1233 3502 1302 3565 fas-

137 3603 272 3689 tigium,
298 3603 386 3667 unde
415 3608 450 3667 te
480 3603 654 3667 ordinante
686 3603 828 3687 sumpsit
856 3603 1048 3680 exordium3
1078 3604 1142 3668 hoe
1169 3625 1299 3687 quoque

138 3706 250 3771 altare
274 3706 479 3770 salutaribus
501 3705 709 3770 celebrandis
729 3705 969 3791 redemptionis
991 3707 1161 3791 mysteriis
1176 3728 1304 3791 praepa·

136 3813 251 3874 ratum
273 3829 348 3872 rore
370 3808 515 3873 coelestis
537 3809 701 3894 unguenti
723 3830 875 3894 asperge,
897 3815 932 3874 et
956 3809 1161 3873 aromatibus
1184 3810 1302 3875 divinae

138 3911 416 3978 sanctificationis
436 3912 607 3996 perfunde,
625 3933 663 3976 ao
678 3932 799 3975 munus
820 3912 936 3996 gratia
960 3912 1188 3976 consecrantis
1205 3935 1306 3998 super

137 4016 224 4080 illud
245 4015 398 4101 placatus
420 4016 561 4100 impone,
586 4017 788 4100 dignumque
812 4015 857 4079 sit
880 4036 980 4098 super
1003 4015 1092 4099 quod
1115 4017 1240 4080 electas
1262 4016 1304 4080 ad

137 4119 339 4184 sacrificium
366 4123 540 4183 creaturas
566 4119 601 4182 in
631 4139 752 4204 eorpus
783 4123 817 4182 et
844 4119 1042 4203 sanguinem
1068 4119 1302 4203 Redemptoris

138 4223 251 4286 virtus
274 4228 405 4286 secreta
426 4225 611 4298 convertat,
629 4227 663 4286 et
685 4222 719 4284 in
744 4242 857 4286 sacras
880 4221 970 4306 Agni
993 4221 1123 4285 hostias
1144 4220 1306 4285 invisibili

136 4324 330 4389 imitatione
353 4324 578 4401 transcribat;
602 4331 639 4388 ut
663 4323 750 4390 sieut
765 4325 913 4390 Verbum
938 4347 1015 4390 earo
1038 4326 1162 4390 factum
1179 4330 1240 4402 est,
1257 4326 1306 4389 ita

225 4427 312 4492 Pont
329 4425 370 4488 14
