2940 4996
180 389 243 452 100
412 397 664 465 Reconciliatr'o
680 402 846 467 Ecclesiae
861 403 914 468 vel
932 404 1130 468 Ooemetcrr'r'.

218 592 303 652 Totas
320 598 450 674 psalmas
476 603 599 674 dicatur,
612 612 650 680 'ct
676 613 817 683 repetatur
843 605 1000 682 antiphona
1020 613 1084 683 post
1110 622 1336 679 aaamqtoemque

177 708 286 748 ceream
295 694 413 768 pcclrac',
427 696 454 753 cc'
466 718 569 755 accesso
574 699 677 774 faerit.

176 877 195 933 h
217 784 275 841 His
283 789 417 862 peractis,
433 800 477 849 cat
497 793 640 870 episcopas
654 794 693 851 cd
701 795 833 872 primam
853 795 944 853 locam
964 802 990 852 ct
1008 793 1114 852 totitem
1133 791 1236 851 ctaado
1257 790 1335 848 dicct

196 898 249 935 cac
262 883 427 941 orationem.

219 973 321 1052 Deus,
337 980 394 1061 qui
409 981 443 1043 in
460 983 586 1048 sanctis
602 984 769 1062 habitans,
786 1005 936 1070 supernae
958 983 1181 1048 moderamine
1197 981 1335 1068 pietatis

174 1079 300 1142 terram
315 1084 457 1148 mundus
474 1087 629 1151 mundam
646 1089 808 1165 formasti,
825 1110 924 1172 quam
941 1089 1042 1152 etiam
1063 1087 1162 1171 primi
1177 1085 1334 1170 praevari-

175 1181 298 1244 catoris
313 1182 354 1245 de
370 1189 523 1269 supernis
542 1191 641 1272 ejecti
658 1191 791 1254 sedibus
813 1191 1024 1267 maculatam,
1040 1189 1159 1275 priscis
1174 1189 1335 1252 misertus

174 1284 321 1365 paradisi
337 1309 421 1370 quos
444 1292 566 1354 creasti
589 1292 721 1369 accolis,
736 1293 793 1377 pia
815 1293 975 1356 effusione
998 1292 1126 1356 cruoris
1146 1290 1275 1374 proprii
1291 1290 1334 1352 ab

173 1387 262 1448 omni
277 1389 420 1472 antiquae
435 1394 717 1476 praevaricationis
737 1395 891 1478 contagio
906 1394 1065 1458 mundare
1089 1398 1123 1457 et
1138 1394 1334 1476 abstergere

172 1487 329 1571 diguatus
356 1514 412 1570 es3
436 1517 624 1578 quaesumus
651 1499 845 1562 immensam
872 1498 1033 1582 pietatem
1058 1501 1162 1571 tuam,
1185 1499 1225 1558 ut
1247 1495 1334 1558 hanc

171 1590 441 1678 ecclesiam(ch
466 1598 528 1663 hoc
553 1601 791 1685 coemeterium)
817 1601 905 1685 quod
929 1600 1003 1684 (acl
1022 1597 1136 1682 quam)
1157 1597 1252 1680 prius
1274 1605 1335 1660 tua

172 1694 433 1762 sanctificatione
450 1702 657 1766 sanctificare
674 1702 819 1781 voluisti,
833 1691 1066 1787 quamvisjam
1082 1698 1232 1782 ejusdem
1249 1721 1333 1763 novo

170 1794 299 1860 insultu
321 1804 587 1882 praevaricatoris
610 1806 821 1884 maculatam,
840 1812 897 1871 tua
919 1804 1046 1870 coelesti
1068 1801 1332 1875 beneffldictione

171 1897 393 1980 beneffidicas,
415 1911 451 1969 ut
476 1907 532 1989 qui
553 1910 614 1972 sub
636 1909 755 1973 timore
778 1915 813 1974 et
833 1929 945 1972 amore
965 1907 1016 1971 tui
1038 1905 1182 1969 nominis
1203 1904 1248 1968 ad
1269 1905 1331 1968 boc

169 2004 352 2067 oratorium
368 2028 428 2090 pro
444 2007 654 2092 impetranda
670 2032 805 2074 suorum
828 2015 1040 2094 peccatorum
1055 2007 1154 2071 venia
1168 2016 1330 2070 convene-

168 2102 325 2187 rint(er
347 2107 381 2169 in
404 2108 467 2172 hoc
490 2111 676 2174 coemeterio
700 2111 823 2195 sepulti
844 2109 983 2194 fuerint)
1007 2128 1043 2173 se
1063 2108 1111 2188 [in
1132 2112 1330 2191 perpetuum

169 2207 315 2270 omnium
342 2211 471 2274 veniam
499 2218 724 2299 peccatorum]
746 2213 926 2295 impetrare
952 2209 1121 2295 gaudeant
1147 2213 1182 2272 et
1207 2208 1330 2293 gaudia

167 2310 339 2394 percipere
357 2313 560 2396 sempiterna
576 2313 742 2378 laetentur.
787 2315 852 2378 Per
866 2313 1055 2378 Dominum.

207 2412 322 2472 Deinde
342 2421 386 2471 oct
396 2415 524 2490 pontifex
538 2417 571 2474 ia
591 2418 742 2487 ecclesiam,
758 2424 784 2473 ct
803 2417 846 2474 ibi
866 2423 993 2473 cantetur
1006 2411 1249 2488 brec-arctipboao,
1267 2409 1327 2467 la'cet

167 2510 352 2566 coemeterium
366 2517 476 2566 taratara
490 2510 527 2567 sit
540 2513 761 2570 reconciliatum.

211 2604 378 2668 Confirma
400 2608 471 2682 hoc,
494 2606 597 2682 Deus,
622 2606 710 2690 quod
732 2613 891 2690 operatus
914 2624 951 2668 es
973 2603 1007 2665 in
1031 2601 1137 2677 nobis,
1161 2622 1182 2664 a
1204 2598 1330 2684 templo

167 2713 282 2771 sancto
298 2713 356 2771 tuo
372 2709 458 2791 quod
474 2708 574 2772 estin
591 2707 814 2772 Hierusalem.

208 2810 269 2871 Ps.
316 2810 471 2875 Narrabo
495 2833 615 2875 nomen
641 2816 735 2874 tuum
762 2808 925 2874 fratribus
947 2805 1051 2870 meis:
1078 2805 1113 2867 in
1139 2803 1248 2868 medio
1275 2825 1328 2867 ec·

166 2910 274 2975 clesiae
289 2911 432 2976 laudabo
447 2918 493 2976 te.

207 3013 269 3097 Qui
304 3015 430 3079 timetis
464 3015 654 3091 Dominum,
684 3013 820 3078 laudate
854 3032 946 3074 eum:
982 3008 1174 3072 universum
1209 3027 1324 3070 semen

163 3117 267 3181 Jacob
283 3116 466 3199 glorificate
484 3138 568 3180 eum.

206 3220 337 3283 Timeat
370 3240 444 3281 eum
476 3240 571 3281 omne
606 3238 718 3281 semen
748 3213 873 3279 Israel:
907 3211 1063 3296 quoniam
1093 3230 1161 3272 non
1193 3209 1323 3294 sprevit

162 3344 268 3406 neque
285 3322 436 3405 despexit
452 3321 717 3405 deprecationem
734 3317 900 3402 pauperis.
1190 3304 1192 3307 ⁸

204 3425 277 3488 Nec
300 3423 423 3488 avertit
445 3424 564 3487 faciem
588 3442 683 3486 suam
706 3442 727 3484 a
741 3440 814 3482 me:
838 3422 961 3482 etcum
984 3414 1163 3479 clamarem
1179 3412 1222 3476 ad
1245 3434 1320 3476 eum

160 3527 332 3592 exaudivit
346 3548 409 3589 me.

202 3630 318 3693 Gloria
334 3628 437 3692 Patri.

200 3733 394 3813 Repetotar
409 3729 610 3810 antiphona.

198 3838 329 3900 Oratio.
374 3835 524 3898 Oramus.

198 3938 300 4013 Deus,
314 3937 371 4019 qui
387 3936 560 4000 ecclesiam
577 3939 669 3997 tuam
684 3934 832 3994 sanctam
849 3929 889 3990 de
902 3925 1053 3990 omnibu·
1069 3921 1182 3984 mundi
1196 3921 1315 3985 finibus

154 4045 402 4125 congregatam,
426 4059 486 4121 per
507 4036 557 4100 tui
584 4034 701 4098 lateris
727 4028 921 4096 admirabile
949 4029 1194 4091 sacramentum
1218 4045 1312 4088 cunc-

152 4152 261 4210 tarum
277 4141 429 4227 gentium
452 4144 593 4203 matrem
615 4157 688 4200 esse
711 4133 847 4208 dixisti;
872 4151 970 4214 quam
993 4128 1093 4193 etiam
1116 4124 1313 4210 populorum

152 4248 316 4310 varietate
355 4242 521 4327 depictam
558 4244 743 4322 martyrum
780 4242 913 4300 tuorum
951 4230 1082 4294 meritis
1119 4227 1310 4301 decorasti3

151 4349 337 4429 beneffldia
361 4344 511 4416 Domine,
536 4360 731 4425 quaesumus,
756 4342 945 4403 sanctorum
969 4338 1102 4397 tuorum
1125 4328 1310 4414 opitulante
