2940 4996
495 435 546 498 De
565 437 750 502 Ordinibus
763 442 1000 524 conferendis.
1102 432 1116 459 ⁶
1261 442 1325 505 315

260 845 426 912 ORATIO
449 848 511 914 AD
534 849 847 915 ORDINANDUM
872 852 1228 918 PRESBYTERUM..

206 1035 355 1114 Oremus,
368 1040 589 1116 dilectissimi,
600 1039 708 1104 Deum
725 1040 859 1104 Patrem
877 1041 1152 1126 omnipotentem,
1166 1049 1202 1105 ut
1217 1062 1318 1127 super

164 1139 252 1205 huuc
286 1141 447 1208 famulum
482 1167 589 1220 snum,
620 1166 718 1228 quem
750 1143 792 1208 ad
822 1146 1024 1229 presbyterii
1056 1165 1178 1209 munus
1211 1145 1318 1230 eligit,

163 1243 312 1310 coelestia
337 1247 424 1313 dona
447 1247 657 1333 multiplicet,
683 1252 717 1311 et
742 1269 814 1331 quae
841 1247 916 1329 ejus
942 1246 1136 1332 dignatione
1166 1248 1317 1336 suscipit,

163 1348 237 1430 ejus
253 1355 458 1434 exsequatur
473 1351 611 1416 auxilio.
657 1351 731 1414 Per.

649 1453 723 1511 Alio
736 1453 838 1510 oratio.

205 1561 334 1626 Exaudi
349 1584 420 1640 nos,
437 1564 528 1628 Deus
545 1565 703 1629 salutaris
726 1569 850 1638 noster,
866 1573 901 1628 et
924 1585 1024 1648 super
1047 1564 1135 1628 hunc
1158 1532 1318 1629 famulum

118 1667 122 1672 ’
158 1668 253 1728 tuum
279 1667 541 1731 benedictionem
570 1667 681 1732 Sancti
711 1667 856 1752 Spiritus
890 1673 926 1731 et
952 1667 1072 1749 gratia
1102 1668 1319 1733 sacerdotalis

159 1769 291 1833 effunde
317 1770 483 1847 virtutem,
505 1776 543 1835 ut
565 1792 662 1854 quem
684 1774 749 1835 tuae
773 1769 912 1852 pietatis
932 1771 1126 1855 aspectibus
1149 1772 1320 1836 offerimus

157 1873 427 1948 consecrandum,
455 1878 615 1957 perpetua
642 1873 790 1937 muneris
817 1872 866 1936 tui
898 1872 1061 1958 largitate
1094 1875 1318 1958 persequaris.

165 1977 239 2040 Per·

206 2063 393 2121 Oormecratio.

200 2159 342 2223 Domine
366 2165 490 2235 sancte,
514 2160 615 2224 Pater
637 2160 860 2243 omnipotens,
883 2166 1008 2223 aeterne
1032 2159 1136 2235 Deus,
1153 2160 1316 2223 honorum

158 2265 304 2328 omnium
320 2270 437 2330 auctor
460 2270 495 2329 et
517 2265 714 2328 distributor
737 2265 883 2328 omnium
911 2265 1127 2349 dignitatum,
1143 2286 1317 2350 perquem

158 2369 335 2452 proficiunt
358 2368 525 2442 universa,
550 2388 729 2450 perquem
753 2374 875 2432 cuncta
897 2368 1087 2443 firmantur,
1103 2367 1318 2451 amplificatis
1409 2446 1414 2452 ι

159 2492 291 2555 semper
301 2470 335 2534 in
352 2469 471 2533 melius
483 2476 609 2534 naturae
624 2469 837 2534 rationabilis
854 2470 1082 2546 incrementis,
1096 2491 1156 2553 per
1171 2471 1320 2534 ordinem

157 2596 304 2659 congrua
313 2575 443 2638 ratione
453 2573 670 2658 dispositum:
695 2573 781 2636 unde
795 2577 829 2636 et
840 2572 1067 2638 sacerdotales
1077 2573 1203 2659 gradus
1215 2580 1315 2658 atquc

157 2677 265 2742 officia
280 2677 471 2740 Levitarum
495 2676 714 2740 sacramentis
730 2676 881 2759 mysticis
898 2677 1057 2741 instituta
1073 2683 1261 2754 creverunt,
1278 2684 1316 2741 ut

157 2803 231 2845 cum
244 2779 417 2864 pontifices
435 2799 581 2841 summos
593 2778 748 2862 regendis
764 2778 897 2863 populis
912 2780 1131 2863 praefecisses,
1145 2778 1186 2845 ad
1204 2795 1333 2844 eorum‘

158 2883 330 2947 societatis
355 2887 389 2945 et
413 2881 525 2965 operis
550 2881 789 2964 adjumentum,
816 2882 991 2965 sequentis
1017 2882 1144 2946 ordinis
1169 2882 1260 2948 viros
1283 2892 1318 2949 et

158 2985 307 3050 secundae
320 2983 495 3068 dignitatis
508 2983 660 3068 eligeres.
708 2983 762 3048 Sic
773 2985 809 3047 in
825 3006 936 3049 eremo
953 3007 1013 3070 per
1030 2989 1128 3068 septu
1147 2986 1164 3021 *

1122 3087 1252 3173 [aginta
1269 3089 1317 3151 vi-

159 3241 177 3269 „
189 3214 301 3256 rorum
311 3191 523 3276 prudentium
535 3198 678 3254 mentem
689 3192 800 3276 Moysi
811 3187 964 3277 spiritum
977 3192 1184 3276 propagasti,
1194 3193 1315 3275 quibus

160 3345 180 3371 „
191 3295 248 3358 ille
258 3294 469 3378 adjutoribus
481 3315 563 3356 usus
578 3293 613 3357 in
626 3294 748 3379 populo
763 3295 957 3358 innumeras
969 3293 1201 3358 multitudines
1216 3293 1315 3358 facile

158 3398 397 3484 „gubernavit
445 3396 498 3460 Sic
510 3397 543 3458 iu
556 3395 718 3460 Eleazaro
736 3403 770 3462 et
781 3398 932 3462 Ithamar
947 3396 1026 3459 filiis
1037 3399 1150 3461 Aaron
1167 3401 1316 3480 paterna

160 3502 405 3588 „plenitudinis
418 3499 657 3564 abundantiam
667 3500 890 3576 transfudisti,
903 3504 940 3563 ut
953 3499 995 3563 ad
1007 3499 1137 3563 hostias
1149 3498 1317 3564 salutares

158 3612 222 3682 „et
252 3602 490 3688 frequentioris
521 3602 617 3665 officii
650 3607 860 3666 sacramenta
891 3601 1112 3665 ministerium
1148 3601 1315 3666 sufficeret

158 3707 410 3786 „sacerdotum
456 3704 529 3768 Hac
557 3703 777 3787 providentia,
799 3704 952 3781 Domine,
975 3703 1138 3788 apostolis
1159 3703 1239 3767 Filii
1265 3705 1315 3767 tui

161 3799 351 3888 „doctores
371 3808 448 3871 fidei
475 3808 613 3871 comites
640 3807 807 3884 addidisti,
834 3808 954 3892 quibus
984 3807 1036 3870 illi
1062 3807 1176 3871 orbem
1206 3811 1315 3871 totum

162 4000 179 4031 *
199 3998 272 4052 Here
290 3996 358 4050 ends
376 3996 421 4049 fol.
443 3995 495 4050 273
514 3995 544 4048 of
560 3994 606 4048 the
625 3993 681 4048 MS.
703 3993 747 4048 lul.
762 3993 815 4048 274
828 3994 852 4048 is
869 4011 904 4048 an
925 3992 1044 4047 inserted
1062 3991 1138 4054 folio,
1152 3997 1202 4046 not
1219 3993 1249 4045 in
1268 3993 1316 4048 tbe

162 4084 350 4154 handwriting
368 4083 399 4136 of
414 4083 461 4137 the
479 4081 597 4152 original
616 4082 710 4135 scribe.
748 4081 806 4135 Nor
823 4099 869 4138 are
887 4081 965 4134 folios
983 4079 1107 4136 275-278
1125 4085 1207 4141 recto,
1220 4079 1251 4134 in
1269 4081 1318 4136 the

160 4173 205 4226 old
218 4172 301 4229 hand.
337 4171 422 4224 These
435 4186 517 4240 peges
534 4170 646 4222 contain
659 4167 799 4222 additions
814 4170 850 4239 by
864 4174 918 4222 two
937 4185 968 4221 or
987 4167 1064 4222 three
1077 4165 1171 4235 hands,
1185 4165 1313 4222 different

159 4260 226 4313 from
240 4276 295 4328 any
304 4258 383 4311 other
395 4258 425 4308 in
439 4258 576 4317 thabeel,
590 4275 620 4309 as
633 4256 696 4308 well
710 4273 740 4308 as
759 4256 825 4308 from
840 4255 904 4309 eaeb
918 4255 1004 4308 other.
1042 4254 1117 4325 They
1126 4255 1256 4310 resemble
1270 4257 1316 4312 the

159 4345 320 4416 langobard
335 4346 455 4414 writing.

246 4437 310 4499 39*
