<?xml version="1.0" encoding="UTF-8"?>
<!DOCTYPE html PUBLIC "-//W3C//DTD XHTML 1.0 Transitional//EN"
    "http://www.w3.org/TR/xhtml1/DTD/xhtml1-transitional.dtd">
<html xmlns="http://www.w3.org/1999/xhtml" xml:lang="en" lang="en">
 <head>
  <title>
</title>
<meta http-equiv="Content-Type" content="text/html;charset=utf-8" />
  <meta name='ocr-system' content='tesseract 3.04.00' />
  <meta name='ocr-capabilities' content='ocr_page ocr_carea ocr_par ocr_line ocrx_word'/>
</head>
<body>
  <div class='ocr_page' id='page_1' title='image "./liberpontifical01baingoog_0393.png"; bbox 0 0 2940 4996; ppageno 0'>
   <div class='ocr_carea' id='block_1_1' title="bbox 512 419 958 486">
    <p class='ocr_par' dir='ltr' id='par_1_1' title="bbox 512 419 958 486">
     <span class='ocr_line' id='line_1_1' title="bbox 512 419 958 486; baseline 0.002 -4"><span class='ocrx_word' id='word_1_1' title='bbox 512 419 773 486; x_wconf 78' lang='lat' dir='ltr'><strong>Benedictiones</strong></span> <span class='ocrx_word' id='word_1_2' title='bbox 789 419 958 484; x_wconf 81' lang='lat' dir='ltr'><strong>Diuereoe.</strong></span> 
     </span>
    </p>
   </div>
   <div class='ocr_carea' id='block_1_2' title="bbox 502 761 973 832">
    <p class='ocr_par' dir='ltr' id='par_1_2' title="bbox 502 761 973 832">
     <span class='ocr_line' id='line_1_2' title="bbox 502 761 973 832; baseline -0.006 0"><span class='ocrx_word' id='word_1_3' title='bbox 502 763 779 832; x_wconf 81' lang='lat' dir='ltr'>BENEDIOTIO</span> <span class='ocrx_word' id='word_1_4' title='bbox 802 761 973 831; x_wconf 82' lang='lat' dir='ltr'>ORUOIS.</span> 
     </span>
    </p>
   </div>
   <div class='ocr_carea' id='block_1_3' title="bbox 157 954 1325 3173">
    <p class='ocr_par' dir='ltr' id='par_1_3' title="bbox 157 954 1324 1458">
     <span class='ocr_line' id='line_1_3' title="bbox 203 954 1321 1039; baseline -0.004 -19"><span class='ocrx_word' id='word_1_5' title='bbox 203 954 376 1039; x_wconf 79' lang='lat' dir='ltr'><strong>Rogamus</strong></span> <span class='ocrx_word' id='word_1_6' title='bbox 405 959 450 1032; x_wconf 86' lang='lat' dir='ltr'><strong>te,</strong></span> <span class='ocrx_word' id='word_1_7' title='bbox 481 954 635 1030; x_wconf 88' lang='lat' dir='ltr'><strong>Domine,</strong></span> <span class='ocrx_word' id='word_1_8' title='bbox 664 958 780 1018; x_wconf 84' lang='lat' dir='ltr'><strong>ennete</strong></span> <span class='ocrx_word' id='word_1_9' title='bbox 811 955 924 1030; x_wconf 89' lang='lat' dir='ltr'><strong>Pater,</strong></span> <span class='ocrx_word' id='word_1_10' title='bbox 955 955 1167 1038; x_wconf 88' lang='lat' dir='ltr'><strong>omnipotens</strong></span> <span class='ocrx_word' id='word_1_11' title='bbox 1199 958 1321 1019; x_wconf 81' lang='lat' dir='ltr'><strong>aeterne</strong></span> 
     </span>
     <span class='ocr_line' id='line_1_4' title="bbox 158 1057 1323 1144; baseline -0.004 -20"><span class='ocrx_word' id='word_1_12' title='bbox 158 1059 261 1136; x_wconf 92' lang='lat' dir='ltr'><strong>Deus,</strong></span> <span class='ocrx_word' id='word_1_13' title='bbox 286 1065 324 1123; x_wconf 95' lang='lat' dir='ltr'><strong>ut</strong></span> <span class='ocrx_word' id='word_1_14' title='bbox 347 1059 498 1144; x_wconf 87' lang='lat' dir='ltr'><strong>digneris</strong></span> <span class='ocrx_word' id='word_1_15' title='bbox 523 1058 718 1122; x_wconf 86' lang='lat' dir='ltr'><strong>benedicere</strong></span> <span class='ocrx_word' id='word_1_16' title='bbox 742 1058 804 1122; x_wconf 87' lang='lat' dir='ltr'><strong>hoe</strong></span> <span class='ocrx_word' id='word_1_17' title='bbox 826 1058 957 1142; x_wconf 89' lang='lat' dir='ltr'><strong>lignum</strong></span> <span class='ocrx_word' id='word_1_18' title='bbox 979 1059 1090 1123; x_wconf 88' lang='lat' dir='ltr'><strong>erneis</strong></span> <span class='ocrx_word' id='word_1_19' title='bbox 1113 1064 1191 1134; x_wconf 85' lang='lat' dir='ltr'><strong>tuae,</strong></span> <span class='ocrx_word' id='word_1_20' title='bbox 1215 1063 1255 1121; x_wconf 91' lang='lat' dir='ltr'><strong>ut</strong></span> <span class='ocrx_word' id='word_1_21' title='bbox 1278 1057 1323 1120; x_wconf 93' lang='lat' dir='ltr'><strong>sit</strong></span> 
     </span>
     <span class='ocr_line' id='line_1_5' title="bbox 157 1161 1323 1247; baseline -0.003 -21"><span class='ocrx_word' id='word_1_22' title='bbox 157 1165 342 1228; x_wconf 90' lang='lat' dir='ltr'><strong>remedium</strong></span> <span class='ocrx_word' id='word_1_23' title='bbox 355 1164 505 1227; x_wconf 86' lang='lat' dir='ltr'><strong>salutare</strong></span> <span class='ocrx_word' id='word_1_24' title='bbox 517 1163 633 1247; x_wconf 83' lang='lat' dir='ltr'>generi</span> <span class='ocrx_word' id='word_1_25' title='bbox 648 1164 805 1237; x_wconf 90' lang='lat' dir='ltr'><strong>humano,</strong></span> <span class='ocrx_word' id='word_1_26' title='bbox 819 1162 865 1226; x_wconf 85' lang='lat' dir='ltr'><strong>sit</strong></span> <span class='ocrx_word' id='word_1_27' title='bbox 877 1161 1031 1226; x_wconf 74' lang='lat' dir='ltr'><strong>soliditas</strong></span> <span class='ocrx_word' id='word_1_28' title='bbox 1047 1162 1137 1238; x_wconf 87' lang='lat' dir='ltr'><strong>fidei,</strong></span> <span class='ocrx_word' id='word_1_29' title='bbox 1149 1161 1323 1247; x_wconf 86' lang='lat' dir='ltr'><strong>profectus</strong></span> 
     </span>
     <span class='ocr_line' id='line_1_6' title="bbox 160 1265 1324 1355; baseline -0.007 -19"><span class='ocrx_word' id='word_1_30' title='bbox 160 1273 321 1337; x_wconf 92' lang='lat' dir='ltr'><strong>bonorum</strong></span> <span class='ocrx_word' id='word_1_31' title='bbox 349 1291 496 1354; x_wconf 90' lang='lat' dir='ltr'><strong>operum,</strong></span> <span class='ocrx_word' id='word_1_32' title='bbox 520 1268 706 1353; x_wconf 80' lang='lat' dir='ltr'><strong>redemptio</strong></span> <span class='ocrx_word' id='word_1_33' title='bbox 733 1268 933 1346; x_wconf 86' lang='lat' dir='ltr'><strong>animarum,</strong></span> <span class='ocrx_word' id='word_1_34' title='bbox 956 1269 1123 1355; x_wconf 83' lang='lat' dir='ltr'><strong>protectio</strong></span> <span class='ocrx_word' id='word_1_35' title='bbox 1150 1289 1191 1332; x_wconf 85' lang='lat' dir='ltr'><strong>ac</strong></span> <span class='ocrx_word' id='word_1_36' title='bbox 1214 1265 1324 1332; x_wconf 87' lang='lat' dir='ltr'><strong>tutela</strong></span> 
     </span>
     <span class='ocr_line' id='line_1_7' title="bbox 160 1371 872 1458; baseline -0.01 -18"><span class='ocrx_word' id='word_1_37' title='bbox 160 1380 279 1440; x_wconf 84' lang='lat' dir='ltr'><strong>eontra</strong></span> <span class='ocrx_word' id='word_1_38' title='bbox 295 1395 384 1437; x_wconf 82' lang='lat' dir='ltr'><strong>saeva</strong></span> <span class='ocrx_word' id='word_1_39' title='bbox 396 1373 512 1458; x_wconf 83' lang='lat' dir='ltr'><strong>jacula</strong></span> <span class='ocrx_word' id='word_1_40' title='bbox 527 1372 750 1436; x_wconf 87' lang='lat' dir='ltr'><strong>inimieorum.</strong></span> <span class='ocrx_word' id='word_1_41' title='bbox 796 1371 872 1435; x_wconf 91' lang='lat' dir='ltr'><strong>Per.</strong></span> 
     </span>
    </p>

    <p class='ocr_par' dir='ltr' id='par_1_4' title="bbox 204 1479 287 1537">
     <span class='ocr_line' id='line_1_8' title="bbox 204 1479 287 1537; baseline -0.048 0"><span class='ocrx_word' id='word_1_42' title='bbox 204 1479 287 1537; x_wconf 74' lang='lat' dir='ltr'><strong>Alia.</strong></span> 
     </span>
    </p>

    <p class='ocr_par' dir='ltr' id='par_1_5' title="bbox 161 1567 1323 2069">
     <span class='ocr_line' id='line_1_9' title="bbox 221 1567 1322 1653; baseline -0.008 -15"><span class='ocrx_word' id='word_1_43' title='bbox 221 1573 377 1648; x_wconf 79' lang='lat' dir='ltr'><strong>Remedio,</strong></span> <span class='ocrx_word' id='word_1_44' title='bbox 405 1571 558 1648; x_wconf 92' lang='lat' dir='ltr'><strong>Domine,</strong></span> <span class='ocrx_word' id='word_1_45' title='bbox 582 1573 669 1635; x_wconf 84' lang='lat' dir='ltr'><strong>hanc</strong></span> <span class='ocrx_word' id='word_1_46' title='bbox 701 1590 833 1634; x_wconf 86' lang='lat' dir='ltr'><strong>erucem</strong></span> <span class='ocrx_word' id='word_1_47' title='bbox 864 1576 967 1646; x_wconf 87' lang='lat' dir='ltr'><strong>tuam,</strong></span> <span class='ocrx_word' id='word_1_48' title='bbox 996 1591 1037 1632; x_wconf 89' lang='lat' dir='ltr'><strong>ex</strong></span> <span class='ocrx_word' id='word_1_49' title='bbox 1068 1590 1135 1652; x_wconf 88' lang='lat' dir='ltr'><strong>qua</strong></span> <span class='ocrx_word' id='word_1_50' title='bbox 1166 1567 1322 1653; x_wconf 80' lang='lat' dir='ltr'>eripuisti</span> 
     </span>
     <span class='ocr_line' id='line_1_10' title="bbox 162 1672 1323 1758; baseline -0.008 -16"><span class='ocrx_word' id='word_1_51' title='bbox 162 1677 321 1742; x_wconf 91' lang='lat' dir='ltr'><strong>mundum</strong></span> <span class='ocrx_word' id='word_1_52' title='bbox 349 1697 370 1739; x_wconf 89' lang='lat' dir='ltr'><strong>a</strong></span> <span class='ocrx_word' id='word_1_53' title='bbox 397 1680 567 1758; x_wconf 78' lang='lat' dir='ltr'><strong>potestate</strong></span> <span class='ocrx_word' id='word_1_54' title='bbox 597 1675 784 1737; x_wconf 82' lang='lat' dir='ltr'><strong>daemonum</strong></span> <span class='ocrx_word' id='word_1_55' title='bbox 817 1678 850 1736; x_wconf 91' lang='lat' dir='ltr'><strong>et</strong></span> <span class='ocrx_word' id='word_1_56' title='bbox 878 1673 1047 1756; x_wconf 80' lang='lat' dir='ltr'><strong>superasti</strong></span> <span class='ocrx_word' id='word_1_57' title='bbox 1075 1672 1236 1756; x_wconf 88' lang='lat' dir='ltr'><strong>passione</strong></span> <span class='ocrx_word' id='word_1_58' title='bbox 1264 1676 1323 1734; x_wconf 88' lang='lat' dir='ltr'><strong>tua</strong></span> 
     </span>
     <span class='ocr_line' id='line_1_11' title="bbox 161 1773 1322 1864; baseline -0.009 -20"><span class='ocrx_word' id='word_1_59' title='bbox 161 1784 394 1864; x_wconf 82' lang='lat' dir='ltr'><strong>suggestorem</strong></span> <span class='ocrx_word' id='word_1_60' title='bbox 433 1779 573 1862; x_wconf 86' lang='lat' dir='ltr'><strong>peceati,</strong></span> <span class='ocrx_word' id='word_1_61' title='bbox 609 1778 664 1861; x_wconf 94' lang='lat' dir='ltr'><strong>qui</strong></span> <span class='ocrx_word' id='word_1_62' title='bbox 702 1778 873 1862; x_wconf 84' lang='lat' dir='ltr'><strong>gaudebat</strong></span> <span class='ocrx_word' id='word_1_63' title='bbox 910 1776 1186 1860; x_wconf 76' lang='lat' dir='ltr'><strong>praevaricatione</strong></span> <span class='ocrx_word' id='word_1_64' title='bbox 1224 1773 1322 1858; x_wconf 91' lang='lat' dir='ltr'><strong>primi</strong></span> 
     </span>
     <span class='ocr_line' id='line_1_12' title="bbox 161 1879 1322 1965; baseline -0.006 -18"><span class='ocrx_word' id='word_1_65' title='bbox 161 1884 328 1958; x_wconf 83' lang='lat' dir='ltr'><strong>hominis3</strong></span> <span class='ocrx_word' id='word_1_66' title='bbox 353 1883 463 1946; x_wconf 87' lang='lat' dir='ltr'><strong>tristis</strong></span> <span class='ocrx_word' id='word_1_67' title='bbox 491 1882 578 1944; x_wconf 90' lang='lat' dir='ltr'><strong>enim</strong></span> <span class='ocrx_word' id='word_1_68' title='bbox 605 1881 742 1945; x_wconf 83' lang='lat' dir='ltr'><strong>demisit</strong></span> <span class='ocrx_word' id='word_1_69' title='bbox 768 1901 828 1965; x_wconf 92' lang='lat' dir='ltr'><strong>per</strong></span> <span class='ocrx_word' id='word_1_70' title='bbox 855 1880 985 1965; x_wconf 89' lang='lat' dir='ltr'><strong>lignum</strong></span> <span class='ocrx_word' id='word_1_71' title='bbox 1013 1879 1123 1945; x_wconf 82' lang='lat' dir='ltr'><strong>erucis</strong></span> <span class='ocrx_word' id='word_1_72' title='bbox 1149 1883 1216 1942; x_wconf 83' lang='lat' dir='ltr'><strong>tuae</strong></span> <span class='ocrx_word' id='word_1_73' title='bbox 1242 1897 1322 1960; x_wconf 86' lang='lat' dir='ltr'><strong>quos</strong></span> 
     </span>
     <span class='ocr_line' id='line_1_13' title="bbox 163 1984 967 2069; baseline -0.007 -17"><span class='ocrx_word' id='word_1_74' title='bbox 163 1986 320 2052; x_wconf 84' lang='lat' dir='ltr'><strong>seductos</strong></span> <span class='ocrx_word' id='word_1_75' title='bbox 335 1986 455 2050; x_wconf 90' lang='lat' dir='ltr'><strong>habuit</strong></span> <span class='ocrx_word' id='word_1_76' title='bbox 470 2007 530 2069; x_wconf 90' lang='lat' dir='ltr'><strong>per</strong></span> <span class='ocrx_word' id='word_1_77' title='bbox 545 1985 675 2069; x_wconf 86' lang='lat' dir='ltr'><strong>lignum</strong></span> <span class='ocrx_word' id='word_1_78' title='bbox 692 1985 847 2048; x_wconf 89' lang='lat' dir='ltr'><strong>vetitum.</strong></span> <span class='ocrx_word' id='word_1_79' title='bbox 891 1984 967 2048; x_wconf 90' lang='lat' dir='ltr'><strong>Per.</strong></span> 
     </span>
    </p>

    <p class='ocr_par' dir='ltr' id='par_1_6' title="bbox 205 2089 386 2166">
     <span class='ocr_line' id='line_1_14' title="bbox 205 2089 386 2166; baseline 0.006 -19"><span class='ocrx_word' id='word_1_80' title='bbox 205 2089 386 2166; x_wconf 68' lang='lat' dir='ltr'><strong>Antiphone.</strong></span> 
     </span>
    </p>

    <p class='ocr_par' dir='ltr' id='par_1_7' title="bbox 208 2181 1139 2268">
     <span class='ocr_line' id='line_1_15' title="bbox 208 2181 1139 2268; baseline -0.004 -20"><span class='ocrx_word' id='word_1_81' title='bbox 208 2185 295 2249; x_wconf 85' lang='lat' dir='ltr'><strong>Eece</strong></span> <span class='ocrx_word' id='word_1_82' title='bbox 311 2184 441 2268; x_wconf 87' lang='lat' dir='ltr'><strong>lignum</strong></span> <span class='ocrx_word' id='word_1_83' title='bbox 458 2183 578 2259; x_wconf 85' lang='lat' dir='ltr'><strong>crucis,</strong></span> <span class='ocrx_word' id='word_1_84' title='bbox 593 2182 629 2245; x_wconf 92' lang='lat' dir='ltr'><strong>in</strong></span> <span class='ocrx_word' id='word_1_85' title='bbox 646 2204 712 2266; x_wconf 93' lang='lat' dir='ltr'><strong>quo</strong></span> <span class='ocrx_word' id='word_1_86' title='bbox 729 2182 823 2247; x_wconf 87' lang='lat' dir='ltr'><strong>salus</strong></span> <span class='ocrx_word' id='word_1_87' title='bbox 838 2183 952 2245; x_wconf 92' lang='lat' dir='ltr'><strong>mundi</strong></span> <span class='ocrx_word' id='word_1_88' title='bbox 968 2181 1139 2266; x_wconf 87' lang='lat' dir='ltr'><strong>pependit,</strong></span> 
     </span>
    </p>

    <p class='ocr_par' dir='ltr' id='par_1_8' title="bbox 208 2287 550 2363">
     <span class='ocr_line' id='line_1_16' title="bbox 208 2287 550 2363; baseline -0.009 -12"><span class='ocrx_word' id='word_1_89' title='bbox 208 2288 345 2363; x_wconf 86' lang='lat' dir='ltr'><strong>Venite,</strong></span> <span class='ocrx_word' id='word_1_90' title='bbox 362 2287 550 2350; x_wconf 90' lang='lat' dir='ltr'><strong>adoremus.</strong></span> 
     </span>
    </p>

    <p class='ocr_par' dir='ltr' id='par_1_9' title="bbox 209 2389 716 2467">
     <span class='ocr_line' id='line_1_17' title="bbox 209 2389 716 2467; baseline -0.008 -12"><span class='ocrx_word' id='word_1_91' title='bbox 209 2392 381 2455; x_wconf 80' lang='lat' dir='ltr'><strong>Psalmue.</strong></span> <span class='ocrx_word' id='word_1_92' title='bbox 427 2389 529 2467; x_wconf 84' lang='lat' dir='ltr'><strong>Deus,</strong></span> <span class='ocrx_word' id='word_1_93' title='bbox 546 2389 716 2452; x_wconf 88' lang='lat' dir='ltr'><strong>miserere.</strong></span> 
     </span>
    </p>

    <p class='ocr_par' dir='ltr' id='par_1_10' title="bbox 208 2496 291 2555">
     <span class='ocr_line' id='line_1_18' title="bbox 208 2496 291 2555; baseline -0.048 0"><span class='ocrx_word' id='word_1_94' title='bbox 208 2496 291 2555; x_wconf 72' lang='lat' dir='ltr'><strong>Alia,</strong></span> 
     </span>
    </p>

    <p class='ocr_par' dir='ltr' id='par_1_11' title="bbox 166 2586 1325 3173">
     <span class='ocr_line' id='line_1_19' title="bbox 225 2586 1325 2673; baseline -0.006 -18"><span class='ocrx_word' id='word_1_95' title='bbox 225 2591 448 2673; x_wconf 85' lang='lat' dir='ltr'><strong>Omnipotens</strong></span> <span class='ocrx_word' id='word_1_96' title='bbox 479 2589 684 2673; x_wconf 84' lang='lat' dir='ltr'><strong>sempiterne</strong></span> <span class='ocrx_word' id='word_1_97' title='bbox 718 2589 822 2666; x_wconf 90' lang='lat' dir='ltr'><strong>Deus,</strong></span> <span class='ocrx_word' id='word_1_98' title='bbox 854 2588 910 2673; x_wconf 92' lang='lat' dir='ltr'><strong>qui</strong></span> <span class='ocrx_word' id='word_1_99' title='bbox 941 2608 1002 2673; x_wconf 90' lang='lat' dir='ltr'><strong>per</strong></span> <span class='ocrx_word' id='word_1_100' title='bbox 1035 2586 1164 2672; x_wconf 87' lang='lat' dir='ltr'><strong>lignum</strong></span> <span class='ocrx_word' id='word_1_101' title='bbox 1196 2586 1325 2670; x_wconf 89' lang='lat' dir='ltr'><strong>perdito</strong></span> 
     </span>
     <span class='ocr_line' id='line_1_20' title="bbox 166 2689 1324 2778; baseline -0.006 -20"><span class='ocrx_word' id='word_1_102' title='bbox 166 2694 289 2758; x_wconf 90' lang='lat' dir='ltr'><strong>mundo</strong></span> <span class='ocrx_word' id='word_1_103' title='bbox 322 2693 452 2778; x_wconf 84' lang='lat' dir='ltr'><strong>lignum</strong></span> <span class='ocrx_word' id='word_1_104' title='bbox 487 2693 727 2777; x_wconf 89' lang='lat' dir='ltr'><strong>redemptionis</strong></span> <span class='ocrx_word' id='word_1_105' title='bbox 762 2698 856 2757; x_wconf 89' lang='lat' dir='ltr'><strong>tuam</strong></span> <span class='ocrx_word' id='word_1_106' title='bbox 891 2713 1023 2755; x_wconf 85' lang='lat' dir='ltr'><strong>erucem</strong></span> <span class='ocrx_word' id='word_1_107' title='bbox 1057 2689 1324 2774; x_wconf 70' lang='lat' dir='ltr'><strong>predestinasti3</strong></span> 
     </span>
     <span class='ocr_line' id='line_1_21' title="bbox 166 2792 1325 2882; baseline -0.005 -23"><span class='ocrx_word' id='word_1_108' title='bbox 166 2817 366 2882; x_wconf 81' lang='lat' dir='ltr'><strong>quaesumus,</strong></span> <span class='ocrx_word' id='word_1_109' title='bbox 394 2805 433 2860; x_wconf 87' lang='lat' dir='ltr'><strong>ut</strong></span> <span class='ocrx_word' id='word_1_110' title='bbox 456 2796 652 2859; x_wconf 87' lang='lat' dir='ltr'><strong>benedicere</strong></span> <span class='ocrx_word' id='word_1_111' title='bbox 679 2795 829 2879; x_wconf 87' lang='lat' dir='ltr'><strong>digneris</strong></span> <span class='ocrx_word' id='word_1_112' title='bbox 860 2795 922 2858; x_wconf 89' lang='lat' dir='ltr'><strong>hoo</strong></span> <span class='ocrx_word' id='word_1_113' title='bbox 952 2794 1082 2878; x_wconf 85' lang='lat' dir='ltr'><strong>lignum</strong></span> <span class='ocrx_word' id='word_1_114' title='bbox 1109 2792 1325 2856; x_wconf 86' lang='lat' dir='ltr'><strong>similitudine</strong></span> 
     </span>
     <span class='ocr_line' id='line_1_22' title="bbox 166 2896 1324 2984; baseline -0.008 -18"><span class='ocrx_word' id='word_1_115' title='bbox 166 2901 276 2966; x_wconf 85' lang='lat' dir='ltr'><strong>erucis</strong></span> <span class='ocrx_word' id='word_1_116' title='bbox 293 2905 357 2963; x_wconf 89' lang='lat' dir='ltr'><strong>tuae</strong></span> <span class='ocrx_word' id='word_1_117' title='bbox 375 2901 558 2984; x_wconf 84' lang='lat' dir='ltr'><strong>signatum,</strong></span> <span class='ocrx_word' id='word_1_118' title='bbox 576 2906 611 2963; x_wconf 90' lang='lat' dir='ltr'><strong>et</strong></span> <span class='ocrx_word' id='word_1_119' title='bbox 626 2921 777 2983; x_wconf 84' lang='lat' dir='ltr'><strong>praepara</strong></span> <span class='ocrx_word' id='word_1_120' title='bbox 792 2900 827 2962; x_wconf 94' lang='lat' dir='ltr'><strong>in</strong></span> <span class='ocrx_word' id='word_1_121' title='bbox 844 2921 883 2962; x_wconf 92' lang='lat' dir='ltr'><strong>eo</strong></span> <span class='ocrx_word' id='word_1_122' title='bbox 900 2899 969 2963; x_wconf 89' lang='lat' dir='ltr'><strong>tuis</strong></span> <span class='ocrx_word' id='word_1_123' title='bbox 985 2896 1141 2961; x_wconf 91' lang='lat' dir='ltr'><strong>fidelibus</strong></span> <span class='ocrx_word' id='word_1_124' title='bbox 1157 2897 1324 2969; x_wconf 88' lang='lat' dir='ltr'><strong>virtutem,</strong></span> 
     </span>
     <span class='ocr_line' id='line_1_23' title="bbox 166 3001 1323 3088; baseline -0.007 -19"><span class='ocrx_word' id='word_1_125' title='bbox 166 3004 311 3069; x_wconf 84' lang='lat' dir='ltr'><strong>inimicis</strong></span> <span class='ocrx_word' id='word_1_126' title='bbox 342 3011 454 3067; x_wconf 88' lang='lat' dir='ltr'><strong>autem</strong></span> <span class='ocrx_word' id='word_1_127' title='bbox 483 3002 705 3078; x_wconf 80' lang='lat' dir='ltr'><strong>obstaculum,</strong></span> <span class='ocrx_word' id='word_1_128' title='bbox 734 3011 769 3067; x_wconf 85' lang='lat' dir='ltr'><strong>et</strong></span> <span class='ocrx_word' id='word_1_129' title='bbox 796 3003 985 3088; x_wconf 87' lang='lat' dir='ltr'><strong>augendum</strong></span> <span class='ocrx_word' id='word_1_130' title='bbox 1012 3001 1141 3064; x_wconf 94' lang='lat' dir='ltr'><strong>nomini</strong></span> <span class='ocrx_word' id='word_1_131' title='bbox 1167 3006 1229 3065; x_wconf 92' lang='lat' dir='ltr'><strong>tuo</strong></span> <span class='ocrx_word' id='word_1_132' title='bbox 1259 3020 1323 3064; x_wconf 90' lang='lat' dir='ltr'><strong>cre·</strong></span> 
     </span>
     <span class='ocr_line' id='line_1_24' title="bbox 167 3107 891 3173; baseline -0.003 0"><span class='ocrx_word' id='word_1_133' title='bbox 167 3110 319 3173; x_wconf 92' lang='lat' dir='ltr'><strong>dentium</strong></span> <span class='ocrx_word' id='word_1_134' title='bbox 336 3109 472 3171; x_wconf 85' lang='lat' dir='ltr'><strong>chorum</strong></span> <span class='ocrx_word' id='word_1_135' title='bbox 489 3109 616 3171; x_wconf 88' lang='lat' dir='ltr'><strong>virtute</strong></span> <span class='ocrx_word' id='word_1_136' title='bbox 633 3107 770 3171; x_wconf 86' lang='lat' dir='ltr'><strong>coelesti.</strong></span> <span class='ocrx_word' id='word_1_137' title='bbox 817 3109 891 3171; x_wconf 89' lang='lat' dir='ltr'><strong>Per.</strong></span> 
     </span>
    </p>
   </div>
   <div class='ocr_carea' id='block_1_4' title="bbox 228 3335 1263 3506">
    <p class='ocr_par' dir='ltr' id='par_1_12' title="bbox 228 3335 1263 3506">
     <span class='ocr_line' id='line_1_25' title="bbox 228 3335 1263 3420; baseline -0.006 -17"><span class='ocrx_word' id='word_1_138' title='bbox 228 3337 507 3403; x_wconf 82' lang='lat' dir='ltr'>BENEDIOTIO</span> <span class='ocrx_word' id='word_1_139' title='bbox 532 3338 678 3402; x_wconf 83' lang='lat' dir='ltr'><strong>SUPER</strong></span> <span class='ocrx_word' id='word_1_140' title='bbox 700 3339 822 3403; x_wconf 83' lang='lat' dir='ltr'>VASA</span> <span class='ocrx_word' id='word_1_141' title='bbox 844 3340 896 3403; x_wconf 94' lang='lat' dir='ltr'><strong>IN</strong></span> <span class='ocrx_word' id='word_1_142' title='bbox 920 3337 1034 3403; x_wconf 79' lang='lat' dir='ltr'>LOCO</span> <span class='ocrx_word' id='word_1_143' title='bbox 1056 3335 1263 3420; x_wconf 76' lang='lat' dir='ltr'><strong>ANTIQUO</strong></span> 
     </span>
     <span class='ocr_line' id='line_1_26' title="bbox 635 3442 853 3506; baseline 0.009 -2"><span class='ocrx_word' id='word_1_144' title='bbox 635 3442 853 3506; x_wconf 84' lang='lat' dir='ltr'><strong>REPERTA.</strong></span> 
     </span>
    </p>
   </div>
   <div class='ocr_carea' id='block_1_5' title="bbox 165 3627 1321 3923">
    <p class='ocr_par' dir='ltr' id='par_1_13' title="bbox 165 3627 1321 3923">
     <span class='ocr_line' id='line_1_27' title="bbox 213 3627 1321 3715; baseline -0.009 -20"><span class='ocrx_word' id='word_1_145' title='bbox 213 3631 433 3715; x_wconf 88' lang='lat' dir='ltr'><strong>Omnipotens</strong></span> <span class='ocrx_word' id='word_1_146' title='bbox 457 3630 660 3715; x_wconf 89' lang='lat' dir='ltr'><strong>sempiterne</strong></span> <span class='ocrx_word' id='word_1_147' title='bbox 684 3631 787 3708; x_wconf 88' lang='lat' dir='ltr'><strong>Deus,</strong></span> <span class='ocrx_word' id='word_1_148' title='bbox 804 3632 916 3695; x_wconf 89' lang='lat' dir='ltr'><strong>insere</strong></span> <span class='ocrx_word' id='word_1_149' title='bbox 939 3635 974 3694; x_wconf 89' lang='lat' dir='ltr'><strong>te</strong></span> <span class='ocrx_word' id='word_1_150' title='bbox 997 3628 1114 3694; x_wconf 84' lang='lat' dir='ltr'><strong>officiis</strong></span> <span class='ocrx_word' id='word_1_151' title='bbox 1137 3627 1321 3697; x_wconf 75' lang='lat' dir='ltr'><strong>nostriani</strong></span> 
     </span>
     <span class='ocr_line' id='line_1_28' title="bbox 170 3728 1320 3819; baseline -0.007 -21"><span class='ocrx_word' id='word_1_152' title='bbox 170 3737 238 3799; x_wconf 82' lang='lat' dir='ltr'><strong>haee</strong></span> <span class='ocrx_word' id='word_1_153' title='bbox 252 3736 397 3810; x_wconf 87' lang='lat' dir='ltr'><strong>vascula,</strong></span> <span class='ocrx_word' id='word_1_154' title='bbox 411 3741 484 3799; x_wconf 84' lang='lat' dir='ltr'><strong>arte</strong></span> <span class='ocrx_word' id='word_1_155' title='bbox 498 3735 662 3798; x_wconf 79' lang='lat' dir='ltr'><strong>fabricata</strong></span> <span class='ocrx_word' id='word_1_156' title='bbox 671 3736 859 3819; x_wconf 84' lang='lat' dir='ltr'><strong>gentilium,</strong></span> <span class='ocrx_word' id='word_1_157' title='bbox 873 3733 1092 3799; x_wconf 92' lang='lat' dir='ltr'><strong>sublimitatis</strong></span> <span class='ocrx_word' id='word_1_158' title='bbox 1104 3737 1171 3795; x_wconf 85' lang='lat' dir='ltr'><strong>tuae</strong></span> <span class='ocrx_word' id='word_1_159' title='bbox 1181 3728 1320 3815; x_wconf 77' lang='lat' dir='ltr'><strong>potentie</strong></span> 
     </span>
     <span class='ocr_line' id='line_1_29' title="bbox 165 3832 1318 3923; baseline -0.008 -22"><span class='ocrx_word' id='word_1_160' title='bbox 165 3841 216 3903; x_wconf 88' lang='lat' dir='ltr'><strong>ita</strong></span> <span class='ocrx_word' id='word_1_161' title='bbox 246 3839 427 3902; x_wconf 86' lang='lat' dir='ltr'><strong>emundare</strong></span> <span class='ocrx_word' id='word_1_162' title='bbox 459 3839 621 3923; x_wconf 84' lang='lat' dir='ltr'><strong>digneris,</strong></span> <span class='ocrx_word' id='word_1_163' title='bbox 653 3846 690 3903; x_wconf 87' lang='lat' dir='ltr'><strong>ut</strong></span> <span class='ocrx_word' id='word_1_164' title='bbox 716 3841 805 3904; x_wconf 90' lang='lat' dir='ltr'><strong>omni</strong></span> <span class='ocrx_word' id='word_1_165' title='bbox 836 3837 1051 3902; x_wconf 89' lang='lat' dir='ltr'><strong>immunditia</strong></span> <span class='ocrx_word' id='word_1_166' title='bbox 1080 3834 1234 3920; x_wconf 88' lang='lat' dir='ltr'><strong>depulsa,</strong></span> <span class='ocrx_word' id='word_1_167' title='bbox 1260 3832 1318 3896; x_wconf 82' lang='lat' dir='ltr'><strong>sint</strong></span> 
     </span>
    </p>
   </div>
   <div class='ocr_carea' id='block_1_6' title="bbox 170 3933 1318 4106">
    <p class='ocr_par' dir='ltr' id='par_1_14' title="bbox 170 3933 1318 4106">
     <span class='ocr_line' id='line_1_30' title="bbox 170 3933 1318 4027; baseline -0.009 -23"><span class='ocrx_word' id='word_1_168' title='bbox 170 3941 326 4004; x_wconf 84' lang='lat' dir='ltr'><strong>fidelibus</strong></span> <span class='ocrx_word' id='word_1_169' title='bbox 357 3942 426 4007; x_wconf 90' lang='lat' dir='ltr'><strong>tuis</strong></span> <span class='ocrx_word' id='word_1_170' title='bbox 460 3946 611 4027; x_wconf 90' lang='lat' dir='ltr'><strong>tempore</strong></span> <span class='ocrx_word' id='word_1_171' title='bbox 642 3943 735 4026; x_wconf 78' lang='lat' dir='ltr'><strong>pacis</strong></span> <span class='ocrx_word' id='word_1_172' title='bbox 766 3949 869 4027; x_wconf 91' lang='lat' dir='ltr'><strong>atque</strong></span> <span class='ocrx_word' id='word_1_173' title='bbox 904 3938 1166 4025; x_wconf 89' lang='lat' dir='ltr'><strong>tranquillitatis</strong></span> <span class='ocrx_word' id='word_1_174' title='bbox 1196 3933 1318 4001; x_wconf 81' lang='lat' dir='ltr'><strong>utenda.</strong></span> 
     </span>
     <span class='ocr_line' id='line_1_31' title="bbox 172 4043 246 4106; baseline 0.014 -1"><span class='ocrx_word' id='word_1_175' title='bbox 172 4043 246 4106; x_wconf 87' lang='lat' dir='ltr'><strong>Per.</strong></span> 
     </span>
    </p>
   </div>
   <div class='ocr_carea' id='block_1_7' title="bbox 0 0 1494 4996">
    <p class='ocr_par' dir='ltr' id='par_1_15' title="bbox 0 0 1494 4996">
     <span class='ocr_line' id='line_1_32' title="bbox 0 0 1494 4996; baseline 0 0"><span class='ocrx_word' id='word_1_176' title='bbox 0 0 1494 4996; x_wconf 95' lang='lat' dir='ltr'><strong> </strong></span> 
     </span>
    </p>
   </div>
  </div>
 </body>
</html>
