2940 4996
400 425 619 503 Cousicrotio
635 438 763 503 altoris
779 441 852 504 sine
867 439 1038 504 Ecclesia.
1236 428 1299 492 105

141 649 176 708 et
201 643 356 709 omnihus
383 644 517 720 sanctis,
541 649 660 709 cuncta
686 649 804 710 nostra
829 646 978 731 operatio
1005 648 1039 708 et
1063 665 1084 707 α
1110 646 1144 706 te
1169 658 1301 721 semper

138 746 289 830 incipiat,
313 752 347 812 et
373 769 434 832 pcr
455 759 488 811 tc
512 753 619 831 coeptu
644 747 790 813 finiatur.
836 749 901 813 Per
926 748 1094 813 Christum
1120 743 1299 809 Dominum

139 856 304 914 nostrum.

183 952 276 1014 Alia
304 956 427 1016 oratio.
472 950 574 1028 Deus,
605 952 663 1034 qui
692 973 755 1017 nos
784 958 939 1037 pastores
968 954 1004 1016 iu
1034 949 1156 1038 populo
1186 945 1299 1011 vocari

138 1052 289 1131 voluisti,
304 1057 436 1137 priests,
452 1073 651 1136 quaesumus,
667 1060 705 1118 ut
727 1056 790 1119 hoc
806 1056 894 1139 quod
908 1057 1053 1119 humano
1077 1074 1133 1116 ore
1148 1051 1299 1125 dicimur,

137 1155 175 1218 in
189 1156 259 1219 tuis
275 1155 425 1220 ecclesiis
441 1176 514 1219 esse
530 1155 712 1222 valeamus.
755 1159 822 1223 Per
835 1158 1025 1222 Dominum.

179 1257 337 1335 Postquam
355 1279 419 1316 cero
433 1257 562 1336 pontifex
581 1259 721 1335 inmersus
733 1258 827 1335 fucrit
846 1261 1010 1331 cancellum,
1025 1267 1116 1316 teneus
1136 1272 1244 1313 crucem
1265 1251 1298 1308 ic

140 1353 284 1423 mortibus,
299 1353 386 1411 dicat.

184 1447 276 1512 Crux
286 1448 393 1533 pellat
403 1448 480 1512 hinc
491 1449 633 1514 hostem.
679 1449 769 1514 Crux
782 1448 907 1515 Christi
918 1449 1076 1514 defendat
1086 1447 1140 1510 hic
1153 1447 1299 1509 orantes.

139 1551 232 1617 Crux
248 1551 374 1616 Christi
389 1551 572 1635 triumphet
587 1552 640 1617 hic
655 1556 691 1616 et
705 1552 741 1616 in
756 1574 871 1616 aevum.

180 1653 293 1712 Deinde
300 1654 378 1728 ficut
390 1653 433 1710 ibi
446 1654 564 1712 titanios.

180 1747 307 1806 Interim
325 1768 389 1805 vero
397 1756 556 1824 prostratus
571 1749 701 1827 pontifex
713 1750 793 1809 dicut
811 1770 875 1808 oum
891 1750 992 1826 aliqua
1005 1768 1128 1828 persona
1148 1743 1297 1804 reverendo

81 1869 87 1878 ·
136 1851 241 1921 septem
265 1842 388 1920 psalmos
409 1843 618 1920 poenitentiales
642 1845 683 1902 vel
709 1845 803 1923 ipsum
828 1845 964 1902 litaniam
989 1850 1088 1902 secreto
1115 1849 1180 1899 outo
1207 1840 1297 1898 citare

131 1938 246 2018 procui.
291 1936 332 1994 Et
355 1957 418 1994 cum
437 1945 549 1995 vectum
561 1938 655 2014 fucrit
676 1940 716 1997 ad
734 1960 843 1998 versum
864 1939 915 2016 qui
929 1960 985 2016 pro
1006 1938 1131 1996 antistite
1154 1941 1294 2001 cantatur,

137 2042 239 2110 suryut
252 2033 395 2111 episcopm
408 2041 433 2090 ct
446 2034 534 2092 dicat.

136 2140 991 2258 Q

187 2286 237 2350 Ut
251 2285 314 2349 hoc
329 2284 466 2349 al-ta-re
482 2284 761 2362 be-nevhdi-ce-re
792 2288 967 2371 digne-ris,

136 2469 426 2507 „4—

185 2595 234 2656 Te
249 2613 419 2676 rogamus.

135 2720 1302 2834 ’ᾀ--ῆ-Η-ΞΞ

186 2869 235 2934 Ut
249 2869 313 2931 hoc
328 2866 466 2930 ul-ta-rc
482 2867 750 2952 beneffldi-cere
766 2875 800 2932 et
816 2869 1096 2953 sanctifflfi-ca-re
1112 2865 1288 2953 digne-ris.

137 3012 437 3135 Ξ

186 3163 235 3226 Te
249 3180 418 3245 rogamus.

137 3323 1301 3385 W

183 3471 235 3536 Ut
257 3471 320 3534 hoo
342 3468 478 3533 al-ta-re
504 3465 782 3545 be·ne*1‹di-cc-re
806 3478 841 3535 ct
864 3469 1145 3548 sancti-bfi-ea-re
1166 3479 1201 3536 et
1223 3494 1298 3535 con-

139 3615 543 3728 *ΞΞΞᾞ

139 3774 333 3854 εθαιμχαα-αθ
361 3764 533 3848 digne-ris.

138 3935 425 3973 ...p-—

186 4061 236 4124 Te
251 4077 420 4142 rogamus.
1109 4125 1112 4131 ,

179 4162 287 4223 Finita
303 4159 419 4231 litania,
433 4159 544 4218 veniens
554 4160 686 4238 pontifex
700 4168 763 4219 aute
778 4161 867 4220 ultore
881 4161 1107 4238 consecrandum,
1123 4162 1201 4222 dicct
1216 4172 1265 4224 ter.

185 4258 291 4332 Deus,
307 4255 342 4317 iu
358 4253 562 4337 adjutorium
577 4276 687 4318 meum
703 4255 848 4320 intende.

231 4360 329 4424 Pont.
347 4358 388 4420 13
