2940 4996
217 391 269 461 a),
607 391 790 464 Dedicatio
806 390 979 456 Ecclesia.

262 597 393 679 eptatos
579 601 712 660 octacos
855 644 856 648 ,
930 619 1072 663 ennacos
1296 593 1386 658 chile

305 697 365 764 dcc
624 701 700 765 dccc
961 703 1056 766 dcccc
1330 695 1357 781 ι’

305 801 359 887 psi
576 808 611 868 et
625 805 782 890 themaga
933 806 1078 870 enachos
1301 801 1387 867 chile

221 905 359 969 dischile
375 904 506 968 trichile
526 907 703 970 tetraohile
723 907 910 991 pentaohilc
932 908 1082 972 exachile
1104 904 1269 971 octachile
1287 926 1388 983 enna-

222 1008 307 1072 ohile
331 1008 523 1071 dechachile
545 1008 738 1072 icostachile
755 1010 935 1094 tratangile
952 1007 1173 1074 serantachile
1197 1005 1387 1092 pentachile

222 1109 430 1174 exentachile
446 1110 671 1193 eptantachile
688 1111 907 1175 ocdintachile
920 1110 1130 1176 enantachile
1146 1103 1385 1174 ecatostachile

222 1213 457 1278 diacostachilc
493 1214 741 1278 triacostochile
786 1215 1058 1279 terraoostochile
1102 1213 1387 1298 pentacostaohile

224 1315 462 1380 etacostochile
485 1314 745 1398 eptacostoohile
769 1317 1024 1382 octacostoohile
1046 1315 1294 1381 enacostochile
1316 1336 1386 1379 eca—

221 1417 431 1483 tostochile.*

261 1607 331 1666 Post
345 1606 455 1664 1111111
469 1607 612 1685 episcopus
625 1616 674 1667 stet
687 1608 721 1666 11
733 1607 826 1667 medio
840 1608 965 1681 ecclesiae,
984 1615 1009 1667 ct
1022 1607 1099 1666 111111
1112 1607 1186 1666 huno
1199 1606 1364 1666 orationem.

265 1701 367 1777 Deua,
384 1703 441 1786 qui
456 1703 566 1787 Moysi
590 1724 685 1767 servo
701 1709 759 1769 tuo
775 1726 816 1768 ex
831 1704 921 1768 mille
944 1703 1092 1768 millibus
1107 1702 1308 1767 Israelitiois
1322 1699 1382 1766 tibi

222 1807 440 1871 dilectissimo
455 1806 615 1870 visionem
639 1828 793 1890 magnam
810 1808 990 1871 ostendens
1004 1806 1045 1869 de
1060 1805 1168 1870 medio
1182 1805 1384 1869 flammantis

222 1910 307 1986 rubi,
323 1914 447 1973 terram
471 1914 619 1973 sanctam
642 1909 739 1972 nudis
762 1910 900 1993 pedibus
923 1910 1051 1973 calcare
1073 1908 1242 1972 mandasti
1264 1907 1385 1983 dicens,

222 2014 321 2079 Solve
348 2013 607 2077 calceamentum
631 2014 670 2077 de
686 2013 826 2097 pedibus
847 2013 925 2090 tuis,
941 2014 1034 2077 locus
1057 2012 1202 2076 enimin
1225 2032 1291 2096 quo
1315 2015 1383 2076 stas

170 2127 172 2129 ’
222 2124 314 2182 terra
337 2123 453 2181 sancta
480 2122 545 2192 est,'
565 2117 739 2180 insinuans
765 2135 825 2199 per
846 2117 910 2180 hoc
936 2117 1022 2200 quod
1048 2133 1171 2198 magna
1195 2113 1385 2178 reverentia

221 2221 435 2285 honorandus
452 2220 496 2283 sit
511 2219 603 2283 locus
622 2219 749 2308 *nomini
764 2226 821 2282 tuo
838 2218 895 2303 qui
910 2218 1079 2283 exstiterit
1094 2217 1277 2302 dedicatus
1323 2216 1384 2293 Tu,

223 2323 374 2399 Domine,
391 2323 579 2405 majestatis
601 2327 666 2385 tuae
681 2323 819 2385 dextera
838 2322 900 2385 hoc
919 2321 1146 2409 pavimentum
1169 2319 1384 2398 sanctifflfica

224 2432 259 2491 et
284 2430 404 2514 praesta
430 2430 468 2487 ut
491 2446 591 2507 super
612 2423 695 2486 illud
718 2429 751 2487 te
774 2424 901 2487 oraturi
927 2423 1091 2487 munditia
1115 2427 1153 2485 et
1175 2420 1251 2485 boni
1273 2421 1385 2506 operis

220 2529 383 2592 desiderio
405 2529 556 2612 flagrent,
578 2532 613 2592 ct
635 2526 811 2590 suavitatis
834 2531 891 2590 tuo
913 2527 1012 2591 odore
1034 2525 1127 2590 velut
1149 2524 1282 2610 virgula
1305 2508 1381 2589 aro-

223 2632 323 2695 matis
338 2630 509 2715 fragrent3
534 2634 567 2693 et
589 2649 788 2713 quaecunque
811 2630 984 2713 praesentis
1006 2628 1117 2692 vitaea
1137 2632 1171 2692 te
1194 2627 1386 2692 necessaria

224 2733 470 2820 postulaverint
485 2733 666 2796 obtineant.
712 2732 776 2795 Hic
797 2723 959 2816 mysticus
979 2731 1038 2794 ille
1059 2729 1216 2795 cultellus
1231 2730 1386 2814 petrinus

223 2842 359 2902 tuorum
389 2837 489 2900 corda
515 2836 738 2900 circumcidat.
782 2835 849 2899 Hic
874 2835 1043 2918 rumphaea
1071 2832 1288 2917 protectionis
1318 2837 1386 2896 tuae

221 2938 339 3003 fideles
361 2938 499 3002 muniat.
543 2938 609 3001 Hic
632 2940 713 3003 tuba
734 2937 824 3002 vocis
838 2942 911 3001 ‘tuae
935 2937 1091 3001 audiatur
1106 2926 1140 2998 et
1160 2934 1385 3020 intelligatur.

223 3044 289 3108 Hic
312 3043 400 3127 ignis
422 3043 534 3105 Sancti
558 3042 702 3125 Spiritus
723 3042 869 3106 fidelium
890 3040 1095 3117 holocausta,
1112 3044 1146 3103 et
1167 3060 1260 3104 aram
1283 3060 1385 3124 pene·

224 3146 361 3210 tralium
391 3145 408 3224 1
439 3145 588 3228 ipsorum
617 3145 782 3209 incendat.
836 3144 902 3208 Ilio
927 3143 1019 3208 scala
1047 3143 1139 3228 pacis
1169 3147 1203 3206 et
1233 3142 1386 3206 caritatis

224 3252 391 3332 assurgat,
416 3252 451 3310 et
475 3247 678 3310 orthodoxos
704 3252 780 3311 tuos
804 3244 846 3310 ad
869 3245 1015 3310 coelestia
1041 3245 1159 3329 erigat.
1205 3243 1257 3307 Sit
1283 3243 1386 3308 etiam

221 3351 402 3437 pavimenti
418 3349 518 3432 hujus
533 3349 626 3412 locus
642 3350 683 3413 ab
700 3348 829 3433 angelis
845 3348 969 3412 sanctis
993 3348 1233 3431 frequentatus,
1249 3350 1383 3411 nostra-

222 3476 285 3538 que
301 3453 528 3518 benedictione
551 3453 613 3516 tibi
629 3451 895 3526 commendatus3
920 3455 953 3514 et
972 3449 1112 3514 concede
1134 3454 1173 3513 ut
1195 3448 1383 3532 quicunque

223 3563 257 3622 tc
275 3578 374 3641 super
388 3556 470 3618 illud
487 3555 652 3618 laudando
671 3555 908 3630 invocaverint,
924 3554 971 3617 ibi
992 3558 1026 3618 te
1042 3556 1232 3616 mereantur
1245 3551 1384 3616 laudare

224 3661 280 3724 ubi
306 3662 341 3730 in
367 3658 492 3724 coelesti
522 3657 662 3722 ecclesia
691 3657 833 3742 populus
863 3657 1004 3721 feriatus
1034 3662 1069 3719 et
1097 3655 1138 3718 de
1167 3659 1227 3719 tua
1256 3654 1384 3719 visione

224 3751 485 3827 solemnissimus
501 3761 562 3827 tibi
584 3782 727 3847 perennc
744 3762 920 3826 sabbatum
942 3757 1137 3848 sabbatizat.
1181 3756 1246 3821 Per
1267 3755 1384 3820 Domi-

225 3886 315 3929 num.

265 3966 307 4023 Et
321 3986 340 4022 1
359 3965 454 4023 dextro
474 3967 577 4042 crapula
592 3966 727 4025 orientali
745 3965 850 4023 scribat
863 3963 1072 4023 Abecedare'am
1092 3960 1234 4019 Latinum
1252 3942 1385 4037 1111111

225 4061 372 4119 sinistram
386 4060 522 4134 capulam
536 4062 740 4133 occidentalem,
757 4061 896 4119 11111111
910 4061 982 4117 leuno
995 4057 1190 4135 antiphonam.

225 4189 243 4222 ff
263 4187 296 4272 ln
308 4184 364 4238 this
377 4184 516 4255 Alphabet
527 4186 576 4240 tho
589 4187 707 4259 spelling
719 4186 750 4242 of
758 4186 805 4242 the
817 4185 870 4240 MS
880 4184 903 4240 is
915 4183 1063 4258 preserved.

224 4275 243 4344 †
261 4273 314 4328 MS
324 4272 543 4346 penetrabilium.
1096 4283 1099 4288 ’
