2940 4996
485 416 537 478 De
557 415 999 514 Celebratc’ooepPootiJicr'o.
1304 421 1324 482 5

207 583 392 665 Sequatur.
437 586 541 669 Kyrie
558 587 693 649 eleison.
733 587 864 651 Christe
881 588 1014 652 eleison.
1054 588 1157 673 Kyrie
1175 589 1311 654 eleison.

207 685 310 748 Pater
324 693 447 750 noster.
494 689 537 752 Et
552 710 593 751 ne
610 710 679 752 nos.

205 787 443 852 Benedicamus
459 791 591 854 Patrem
610 796 645 854 et
659 789 780 853 Filium
797 813 869 854 cum
887 792 1006 856 Sancto
1023 792 1159 875 Spiritu.

251 889 438 954 Laudemus
454 897 489 955 et
505 893 789 976 superexaltemus
805 913 878 955 eum
896 894 929 956 in
945 892 1071 956 saecula.

207 991 407 1055 Benedictus
424 1015 459 1056 es
475 994 508 1055 in
525 995 731 1058 firmamento
748 994 840 1070 coeli;

252 1093 443 1158 Laudabilis
459 1101 494 1159 et
508 1095 684 1179 gloriosus.

206 1195 387 1258 Benedicat
400 1201 434 1260 et
449 1198 623 1261 custodiat.

206 1296 414 1360 Nonintres.

207 1397 347 1461 Domine
366 1399 454 1462 Deus
469 1400 640 1463 virtutum.

206 1499 348 1563 Domine
365 1501 492 1564 exaudi.

205 1601 367 1665 Dominus
384 1604 559 1667 vobiscum.

207 1705 357 1768 Oremus.

208 1812 339 1875 Oratio.
384 1807 485 1881 Deus,
501 1807 557 1889 qui
580 1807 686 1871 tribus
702 1808 813 1891 pueris
829 1809 990 1889 mitigasti
1005 1810 1155 1873 flammas
1178 1808 1314 1892 ignium,

158 1913 303 1978 concede
319 1914 358 1973 ut
372 1930 433 1971 nos
447 1909 589 1972 famulos
604 1914 680 1972 tuos
696 1931 762 1971 non
779 1915 898 1973 exurat
913 1911 1046 1974 damma
1061 1912 1227 1974 vitiorum.

207 2016 277 2079 Ure
307 2013 383 2097 igne
416 2011 527 2074 Sancti
560 2011 701 2094 Spiritus
727 2033 823 2075 renes
850 2019 981 2075 nostros
1013 2018 1046 2076 et
1073 2035 1129 2076 cor
1154 2019 1314 2089 nostrum,

156 2118 314 2190 Domine,
345 2121 383 2177 ut
411 2113 472 2177 tibi
502 2119 594 2175 casto
625 2133 760 2196 corpore
792 2115 974 2177 serviamus
1005 2120 1039 2176 et
1069 2115 1189 2177 mundo
1220 2115 1316 2176 corde

160 2223 365 2306 placeamus.

206 2323 366 2387 Actiones
387 2325 527 2391 nostras
544 2338 740 2399 quaesumus,
755 2317 904 2393 Domine,
921 2318 1096 2401 aspirando
1119 2317 1261 2400 praeveni
1285 2323 1318 2378 et

157 2424 350 2509 adjuvando
366 2440 576 2504 prosequere,
593 2425 629 2480 ut
652 2425 769 2482 cuncta
791 2425 907 2482 nostra
930 2419 1078 2503 operatio
1094 2441 1115 2482 a
1131 2425 1164 2482 te
1189 2439 1318 2501 semper

155 2529 301 2612 incipiat
316 2529 350 2588 et
372 2529 478 2606 perte
502 2527 608 2605 coepta
629 2521 773 2584 finiatur.
818 2531 850 2584 et
863 2524 1020 2604 finiatur,
1064 2522 1129 2585 Per
1150 2521 1314 2585 Christum

155 2631 342 2697 Dominum
360 2633 518 2688 nostrum.
565 2625 679 2684 Amen.
