2940 4996
515 433 732 493 t'onsecratio
755 431 944 514 Vir-pinum.

440 844 752 912 CONSECRATIO
773 847 1022 913 VIRGINUM.

194 1050 272 1109 Ordo
296 1049 523 1109 Consecrctionis
542 1058 707 1110 sanctarum
726 1053 883 1130 cirpinuru,
899 1074 961 1132 qua
981 1054 1014 1112 in
1028 1053 1125 1112 diebus
1145 1053 1314 1111 solemnibus

151 1146 287 1217 facienda
311 1154 359 1215 est,
382 1146 511 1204 uidelicet
530 1155 581 1203 aut
604 1147 638 1204 in
659 1146 834 1225 Epiphania
855 1147 983 1207 Domini
1002 1157 1053 1206 aut
1073 1149 1107 1206 in
1121 1146 1206 1224 sestis
1231 1147 1316 1205 motae

153 1243 190 1300 M
195 1243 266 1300 arios
281 1249 332 1299 aut
345 1242 535 1318 apostolorum
549 1250 599 1299 aut
612 1242 766 1301 dominicis
780 1244 887 1315 dicbus,
895 1246 954 1322 fiat
968 1245 1017 1302 boc
1030 1243 1121 1302 ruodo.

197 1339 327 1414 Virpines
340 1337 401 1395 Deo
414 1336 547 1395 dicanda
566 1346 627 1414 post
639 1339 791 1397 introitura
811 1339 913 1398 Missos
931 1347 956 1398 et
976 1340 1127 1410 collectam,
1139 1337 1313 1416 priusquam

154 1436 264 1510 iepatur
286 1432 414 1510 epistola,
437 1441 502 1490 aute
525 1433 617 1492 altare
640 1434 673 1491 in
696 1434 769 1492 albis
792 1435 910 1493 restibus
933 1436 1058 1505 ueniant,
1079 1434 1152 1493 bento
1171 1452 1268 1510 pressu
1291 1438 1315 1488 ct

154 1529 277 1587 uultibus
297 1528 435 1599 demissis,
452 1535 595 1586 cantantes
614 1527 700 1606 Resp.
722 1527 831 1588 Audivi
847 1549 956 1590 vocem.
989 1529 1080 1603 ¹Jn'urn
1098 1549 1162 1586 uero
1175 1526 1314 1597 habiturn,

154 1645 235 1702 quern
254 1623 356 1699 rebipio
368 1643 422 1680 sua
440 1621 571 1700 requirit,
582 1623 714 1701 propriis
733 1624 865 1682 inanibus
885 1625 992 1683 electris
1009 1631 1156 1701 pestantcs,
1170 1642 1231 1681 una
1250 1641 1313 1680 curn

126 1727 128 1731 '
154 1719 341 1778 velaminibus
365 1717 470 1795 capitis
490 1717 524 1776 in
543 1718 647 1777 eisdem
666 1720 809 1791 rioribus,
831 1727 857 1778 et
878 1741 966 1778 cercos
986 1720 1119 1778 extinctos
1139 1718 1173 1776 in
1191 1716 1313 1794 sinpulis

154 1813 286 1872 manibus
310 1812 446 1885 sinistris,
470 1812 612 1871 uelamina
636 1833 689 1871 sua
712 1814 836 1891 ipsamet
858 1835 943 1892 super
965 1814 1056 1872 altare
1072 1821 1194 1892 ponant,
1215 1811 1314 1889 quibus

156 1907 255 1966 cedula
279 1907 423 1966 irtseratur
445 1908 479 1966 in
499 1928 556 1984 qua
580 1911 698 1966 nomina
719 1929 818 1967 coruus
842 1910 1005 1968 scribantur
1017 1931 1028 1981 ;
1043 1916 1209 1987 ponantque
1232 1906 1314 1964 resti·

156 2011 251 2061 merita
265 2023 363 2061 earum
377 2002 417 2060 aab
425 2003 511 2080 pedes
524 2003 649 2080 episcopi
662 2011 727 2061 aute
741 2003 840 2075 altare,
851 2011 876 2075 et
890 2023 977 2062 cereos
991 2005 1124 2062 eatinctos
1137 2003 1169 2062 in
1183 2002 1315 2061 manibus

154 2099 315 2169 retineant;
342 2105 368 2158 ct
393 2097 558 2156 uestimenta
588 2098 630 2157 sic
658 2099 752 2177 posita
782 2099 835 2171 ibi,
864 2098 1007 2177 episcopus
1038 2099 1191 2170 benedicat,
1221 2097 1316 2156 dicens

156 2214 221 2251 curu
237 2202 313 2252 nota.

199 2289 301 2366 Deus,
327 2288 383 2372 qui
413 2288 649 2353 vestimentum
680 2288 827 2353 salutare
859 2295 895 2354 et
924 2289 1154 2353 indumentum
1186 2293 1317 2353 aterna

153 2393 373 2477 jocunditatis
400 2392 468 2456 tuis
489 2391 642 2455 fidelibus
666 2391 860 2476 promisisti,
883 2391 1093 2457 clementiam
1115 2399 1210 2455 tuam
1237 2411 1315 2473 sup·

156 2496 289 2581 pliciter
311 2515 499 2570 exoramus,
522 2501 560 2557 ut
582 2495 650 2558 haec
672 2494 878 2571 indumenta,
901 2493 1123 2558 bumilitatem
1149 2492 1260 2557 cordis
1283 2500 1317 2556 et

156 2603 382 2683 contemptum
409 2598 522 2661 mundi
554 2596 788 2682 significantia,
813 2597 935 2681 quibus
960 2596 1087 2660 famula
1115 2600 1177 2661 tua
1199 2603 1316 2660 sancto

157 2700 338 2765 visibiliter
353 2706 407 2764 est
422 2700 634 2763 informanda
652 2699 833 2784 proposito,
849 2699 1016 2783 propitius
1038 2697 1267 2778 beneq-dicas,
1282 2704 1320 2761 ut

157 2805 290 2867 beatam
316 2803 546 2888 virginitatem
573 2825 671 2886 quam
699 2809 733 2867 te
757 2803 944 2887 inspirante
975 2801 1170 2887 professura
1195 2806 1258 2877 est,
1285 2805 1319 2865 te

157 2911 354 2991 protegente
379 2913 413 2969 et
435 2906 644 2990 gubernante
670 2904 894 2971 inviolabilem
917 2925 1022 2989 usquc
1047 2903 1090 2967 ad
1116 2903 1217 2967 finem
1243 2902 1320 2968 vitre

159 3009 334 3085 custodiat,
347 3015 514 3092 quatenus
530 3030 604 3072 cum
621 3014 738 3073 sancta
752 3007 815 3072 Dei
830 3008 993 3093 genitrice
1005 3006 1118 3072 Maria
1132 3006 1320 3091 ceterisque

158 3111 457 3175 innumerabilibus
481 3112 608 3174 sanctis
630 3111 816 3196 virginibus
832 3116 961 3175 esterna
977 3110 1053 3174 vitae
1074 3109 1226 3173 bravium
1248 3130 1322 3194 per-

160 3234 317 3278 severans
351 3236 462 3278 coram
492 3213 627 3278 Christo
656 3213 800 3277 Domino
830 3213 1001 3298 percipere
1032 3216 1212 3277 mereatur.
1258 3213 1323 3280 Per

161 3318 301 3380 eundem
321 3316 491 3383 Christum
507 3317 685 3382 Dominum
701 3323 865 3382 nostrum.

207 3422 359 3486 Oremus.
1008 3491 1009 3494 Ἴ

206 3526 338 3590 Oratio.
384 3524 486 3600 Deus,
504 3530 701 3590 aeternorum
726 3525 890 3590 bonorum
913 3523 1106 3587 fidelissime
1128 3522 1324 3606 promissor,

160 3628 345 3692 certissime
358 3626 559 3713 persolutor,
572 3629 626 3710 qui
639 3630 874 3693 vestimentum
888 3627 1035 3691 salutare
1047 3624 1324 3690 etindumentum

160 3736 288 3794 oeternae
299 3731 521 3813 jocunditatis
536 3732 605 3795 tuis
621 3732 775 3796 fidelibus
790 3729 987 3816 promisisti,
1001 3729 1214 3794 clementiam
1231 3734 1324 3792 tuam

161 3834 357 3917 suppliciter
379 3855 569 3910 exoramus,
590 3840 629 3898 ut
650 3836 719 3900 haec
743 3836 947 3910 indumenta,
970 3832 1196 3897 humilitatem
1221 3831 1332 3895 cordis

160 3945 196 4003 et
211 3947 438 4025 contemptum
456 3940 570 4002 mundi
594 3940 828 4024 significantia,
845 3939 966 4021 quibus
988 3936 1194 4001 famulatus
1217 3943 1334 3999 sancto

160 4051 213 4108 est
231 4043 409 4109 visibiliter
425 4043 634 4107 informanda
659 4043 843 4128 proposita,
858 4039 1025 4126 propitius
1048 4038 1282 4121 beneffldicas,
1298 4043 1335 4099 ut

48 4146 59 4163 ’
161 4148 268 4211 beatas
285 4147 453 4212 castitatis
476 4147 627 4211 habitum
650 4167 759 4229 quem,
776 4150 810 4210 te
834 4144 1019 4228 aspirante,
1035 4142 1188 4226 suscipit,
1204 4147 1239 4205 te
1263 4161 1336 4226 pro·

160 4254 298 4333 tegente
314 4249 489 4314 eristodiat.
535 4250 600 4313 Per
615 4248 806 4313 Dominum.

207 4353 342 4420 Oratio.
388 4352 529 4417 Domine
545 4351 821 4427 Deus,bona1·um
835 4351 998 4415 virtutum
1015 4348 1170 4423 damnet
1186 4345 1331 4411 omnium
