2940 4996
440 420 639 484 Benedictio
656 418 788 501 lapidis
798 418 1000 500 portabilis.
1238 416 1302 482 127

185 623 256 688 Pax
272 627 393 690 tecum.

186 725 232 791 Et
247 749 322 791 cum
339 728 460 812 spiritu
475 733 545 793 tuo.

183 829 287 888 Postea
308 851 371 888 cam
390 832 507 909 byssopo
528 840 659 909 asperpct
679 830 713 889 cle
732 832 833 908 prima
854 851 930 908 aqua
949 851 1007 888 moa
1029 831 1184 889 chrismata
1207 830 1302 908 ipsam

141 923 270 982 tabulam
283 924 326 983 vel
340 925 465 1003 lapidem
478 934 580 1003 septem
593 926 702 984 uicibus
715 926 758 984 rel
771 927 869 996 tribas,
885 926 1050 1003 incipiendo
1064 927 1258 1004 antiphonam.

186 1020 357 1105 Asperges
380 1041 432 1084 me
455 1022 601 1106 hyssopo
628 1026 663 1086 et
685 1021 889 1087 mundabor:
915 1021 1047 1086 lavabis
1068 1043 1122 1086 me
1145 1026 1180 1086 et
1203 1043 1304 1107 super

141 1122 253 1187 nivem
268 1122 460 1188 dealbabor.

186 1227 245 1289 Ps.
291 1225 454 1289 Miserere
471 1227 548 1290 mei.

184 1327 271 1385 Totus
283 1328 411 1405 psalmas
424 1329 548 1400 dicatur,
562 1329 623 1386 sime
638 1328 741 1388 Gloria
756 1327 846 1387 Patri.

185 1420 247 1494 Quo
256 1428 382 1500 peracto,
393 1421 465 1480 lauet
479 1423 605 1480 tabulam
617 1422 660 1481 oel
674 1423 799 1501 lapidem
809 1423 843 1480 de
857 1443 933 1500 aqua
946 1429 1124 1481 sacrataaom
1137 1422 1300 1483 chrismata.
1391 1421 1392 1424 '

141 1517 302 1575 Residaum
316 1537 396 1594 aqua
414 1518 574 1576 chrismatos
587 1518 720 1576 mittatur
740 1518 773 1575 ia
786 1518 956 1577 sacrariam.
1002 1518 1064 1588 Quo
1074 1526 1200 1596 peracto,
1216 1529 1301 1578 eeter-

141 1619 229 1688 patar
241 1612 296 1670 illa
309 1611 407 1669 tabula
420 1612 462 1670 oel
475 1613 551 1690 lapis
565 1633 629 1670 cam
641 1613 761 1690 stuppis,
775 1633 836 1689 quoe
849 1613 1057 1670 comburantur.

184 1706 264 1765 Tarte
278 1707 420 1784 episcopas
429 1707 463 1764 de
477 1707 534 1765 olco
547 1707 743 1783 sanctofaciat
757 1727 864 1765 cracem
878 1708 911 1765 ia
921 1708 1013 1766 medio
1026 1708 1128 1767 tabulae
1138 1709 1180 1768 uel
1194 1709 1302 1788 lapidis

142 1809 169 1859 et
178 1823 233 1879 per
246 1809 367 1878 quatuor
380 1822 496 1871 cornua,
513 1802 607 1860 ‹licerrs
621 1803 654 1860 ia
668 1803 790 1878 qualibet
800 1803 937 1860 amotione.

189 1896 434 1977 Consecrfflare
471 1902 506 1962 et
541 1899 791 1980 sanctifflficare
824 1899 985 1984 digneris,
1023 1899 1164 1963 Domine
1198 1901 1301 1979 Deus,

140 1998 294 2066 tabulam
317 2000 418 2064 istam
443 2001 517 2083 (uel
540 2000 684 2086 lapidem
710 2000 826 2085 istum)
852 2022 911 2085 per
932 2002 1032 2066 istam
1055 2004 1245 2067 unctionem
1268 2009 1304 2068 et

137 2108 293 2166 nostram
310 2103 624 2202 beneffldictionem.
669 2104 740 2197 Per·
750 2102 923 2168 Christum
943 2103 1121 2168 Dominum
1137 2112 1301 2169 nostrum.

186 2206 257 2270 Pax
272 2210 394 2269 tecum.

188 2311 232 2374 R.
277 2309 324 2375 Et
338 2331 411 2374 cum
428 2308 551 2392 spiritu
565 2315 636 2375 tuo.

184 2412 307 2470 Interim
321 2419 448 2470 cantetur
461 2411 627 2488 antiplona.

186 2507 307 2572 Erexit
323 2506 426 2571 Jacob
441 2506 585 2590 lapidem
602 2507 637 2570 in
653 2506 790 2570 titulum
805 2508 951 2571 fundens
968 2505 1078 2570 oleum
1094 2508 1248 2593 desuper.

187 2611 250 2675 Ps.
295 2609 401 2694 Quam
416 2608 549 2686 dilecta,
566 2611 638 2673 siae
655 2609 770 2675 Gloria
785 2610 889 2675 Patri.

183 2712 307 2771 Interim
321 2719 414 2769 aamm
427 2711 461 2768 dc
481 2710 574 2769 eodem
588 2712 645 2770 oleo
657 2721 798 2789 perrumpat
812 2713 955 2790 episcopas
977 2711 1102 2789 lapidem
1115 2713 1187 2772 sicat
1202 2715 1297 2792 prius,

114 2954 117 2961 ,
140 2807 432 2970 ἆκὸἶᾶιῖἐθοηχωνθ
456 2888 491 2948 et
511 2882 760 2962 sanotifflficare
784 2884 943 2970 digneris,
965 2886 1108 2950 Domine
1131 2886 1233 2964 Deus,
1251 2895 1300 2953 ta-

137 2987 257 3055 bulam
286 2987 388 3051 istam
413 2986 486 3069 (vel
515 2985 661 3070 lapidem
688 2988 805 3073 istum)
835 3010 895 3071 per
921 2989 1021 3053 istam
1048 2989 1237 3054 unctionem
1258 2998 1302 3056 'et

138 3097 293 3157 nostram
315 3089 630 3170 beneffldictionem.
675 3091 740 3154 Per
756 3091 927 3156 Christum
942 3092 1122 3156 Dominum
1138 3099 1301 3158 nostrum.

188 3195 261 3259 Pax
276 3198 396 3257 tecum.

185 3297 323 3361 Etcum
339 3294 460 3378 spiritu
475 3299 546 3359 tua.

182 3398 310 3458 Interim
322 3397 438 3456 dicatur
451 3397 616 3474 cmtiphoaa.

184 3493 288 3558 Mane
311 3512 516 3576 consurgens
538 3491 643 3556 Jacob
664 3491 816 3577 erigebat
840 3492 985 3577 lapidem
1010 3494 1043 3557 in
1067 3494 1203 3561 titulum
1225 3498 1300 3562 fun-

136 3596 226 3660 dens
241 3593 352 3658 oleum
366 3593 519 3676 desuper.
563 3593 690 3658 Votum
705 3595 796 3659 vovit
808 3594 951 3660 Domino
966 3597 1088 3676 dicens,
1100 3598 1190 3663 Vere
1207 3600 1300 3667 locus

132 3701 207 3764 istc
224 3702 359 3762 sanetus
375 3701 437 3774 est,
454 3701 487 3760 et
503 3718 565 3782 ego
580 3697 779 3763 nesciebam.

184 3803 245 3866 Ps.
288 3799 382 3863 Deus
397 3807 514 3863 noster
527 3799 704 3885 refugium.
729 3805 801 3865 siae
817 3800 933 3866 Gloria
948 3802 1054 3866 Patri.

179 3905 283 3963 Postea
303 3903 437 3978 offeratar
460 3901 594 3974 chrisma,
615 3910 640 3960 et
663 3903 798 3961 similiter
818 3904 892 3962 sicut
912 3904 946 3962 de
966 3904 1023 3963 oleo
1042 3915 1186 3983 perumpat
1205 3910 1300 3989 ipsam

137 3997 269 4058 tabulam
281 3997 323 4055 sic
337 3995 464 4054 cliceado.

185 4089 431 4169 Consecrfflare
469 4095 504 4155 et
541 4091 789 4171 sanetifflficare
826 4094 987 4180 digneris,
1020 4094 1161 4161 Domine
1195 4098 1296 4179 Deus,

133 4196 289 4263 tabulam
306 4195 407 4258 istam
422 4195 496 4277 (uel
509 4193 654 4280 lapidem
671 4197 788 4281 istum)
804 4220 865 4281 per
881 4199 968 4263 sacri
984 4200 1176 4265 chrismatis
1193 4205 1300 4267 uncti·

135 4320 237 4363 onem
264 4300 300 4361 et
324 4300 477 4360 nostram
501 4294 815 4374 beneffldictionem.
861 4301 900 4366 In
924 4303 1056 4367 nomine
1080 4302 1191 4368 Patris
1207 4307 1246 4387 ›1‹
1264 4313 1298 4369 et

135 4401 219 4467 Filii
233 4407 272 4487 ›1‹
289 4403 324 4464 et
340 4399 487 4484 Spiritus
501 4396 540 4476 ›1‹
558 4399 683 4464 Sancti.
