2940 4996
472 433 733 500 Benedictiooes
748 434 987 517 Episcopulcs.

191 634 231 694 In
246 634 351 694 Natali
363 637 450 696 unius
464 639 626 714 confessoris
639 647 664 698 et
677 641 809 718 episcopi.
852 638 1030 699 Benedictio.

197 846 300 923 Deus,
315 850 371 933 qui
396 851 530 916 beatum
546 853 590 918 N.
614 852 791 938 praesuiem
808 873 904 917 suum
924 853 975 918 ita
989 846 1251 937 praedestinavit,
1268 849 1306 906 ut

157 971 230 1014 eum
258 971 323 1015 suae
353 954 472 1037 gratiae
502 956 714 1038 perennitate
740 957 877 1039 juberet
907 953 1062 1038 astringi,
1090 951 1200 1035 erigat
1230 953 1309 1011 vota

156 1051 279 1136 populi,
295 1054 351 1137 qui
367 1055 516 1138 praetulit
530 1055 681 1140 gloriosa
695 1057 816 1122 merita
831 1056 1027 1120 confessori.
1072 1055 1191 1118 Amen.

200 1155 358 1220 Proficiat
379 1157 433 1221 his
449 1158 490 1223 ad
506 1159 651 1223 fructum
666 1159 746 1225 boni
768 1160 890 1244 operis,
907 1157 1063 1245 quiequid
1086 1156 1121 1219 in
1139 1151 1311 1218 sacerdote

158 1257 371 1341 amplectitur
384 1282 445 1344 pro
461 1260 560 1326 laude
576 1263 628 1326 sui
644 1262 798 1326 nominis.
843 1263 962 1326 Amen.

197 1359 242 1425 Et
257 1359 333 1444 ejus
355 1362 596 1429 intercessione
615 1365 669 1429 hic
692 1364 835 1450 populus
851 1367 1076 1448 consequatur
1097 1359 1238 1432 veniam,
1255 1354 1312 1440 qui

158 1482 193 1525 se
207 1462 421 1529 renuntiante
438 1465 527 1531 felici
543 1466 682 1532 servitio
698 1466 911 1552 pervenitad
927 1466 1082 1551 palmam.
1130 1463 1245 1527 Amen.

183 1603 184 1606 =
200 1565 294 1652 Quod
308 1567 391 1652 ipse.

196 1802 240 1862 In
252 1803 363 1864 Natali
372 1807 565 1885 plurimorum
578 1809 773 1886 confessorum.
815 1807 995 1868 Benedictio.

201 2019 400 2086 Sanctorum
425 2024 653 2088 confessorum
680 2045 815 2088 suorum
841 2024 885 2088 N.
913 2023 1042 2088 meritis
1065 2042 1124 2086 vos
1151 2020 1314 2085 Dominus

157 2121 260 2187 faciat
281 2125 440 2202 benedici,
456 2133 490 2191 et
512 2134 629 2193 contra
651 2128 793 2193 adversa
809 2127 920 2192 omnia
936 2147 1050 2191 eorum
1072 2123 1313 2188 intercessione

160 2226 291 2290 muniri.

201 2327 326 2392 Eorum
359 2351 417 2394 vos
448 2332 570 2395 efficiat
600 2331 762 2417 suffragio
792 2331 919 2406 felices,
946 2349 1087 2414 quorum
1116 2326 1315 2392 festivitatis

159 2430 246 2494 diem
262 2432 442 2497 celebratis
458 2440 608 2498 ovantes.
653 2437 770 2499 Amen.

201 2536 245 2599 Et
270 2536 328 2620 qui
355 2558 470 2600 eorum
499 2538 677 2602 imitamini
706 2537 868 2623 exempla,
897 2538 1015 2600 horum
1046 2536 1240 2602 interventu
1271 2532 1313 2597 ad

160 2637 307 2702 coelestia
321 2641 495 2723 pervenire
512 2641 650 2724 possitis
666 2640 840 2726 promissa.
885 2641 1004 2704 Amen.

204 2741 296 2825 Quod
312 2742 393 2826 ipse.

201 2977 241 3036 In
252 2976 364 3036 Natali
377 2980 463 3037 utrius
476 2980 600 3056 oirqinis
614 3000 671 3039 noo
684 2980 831 3058 martyris.
874 2978 1054 3039 Benedictio.

205 3208 307 3285 Deus,
323 3209 380 3293 qui
397 3209 502 3273 sacris
526 3209 711 3294 virginibus
734 3208 910 3274 centesimi
926 3209 1057 3273 fructus
1079 3207 1228 3272 coelestia
1243 3227 1319 3270 con-

164 3313 229 3375 fert
253 3311 398 3394 praemia,
421 3311 516 3375 vobis
537 3312 667 3374 meritis
695 3316 816 3376 sanotae
839 3310 979 3396 virginis
1006 3309 1051 3372 N.
1074 3329 1147 3374 cum
1175 3329 1321 3392 superna

162 3415 388 3479 benedictione
404 3414 516 3478 divina
532 3415 682 3478 conferat
697 3415 831 3499 gaudia.
877 3416 995 3478 Amen.

207 3517 252 3581 Et
279 3517 365 3580 sicut
392 3518 460 3580 haec
487 3517 580 3600 virgo
608 3517 742 3581 Domini
766 3517 801 3579 in
828 3537 909 3602 paee
937 3515 1088 3580 ecclesiae
1115 3513 1325 3599 virginitatis

166 3618 282 3682 decore
297 3620 421 3682 meruit
432 3617 571 3702 pollere,
585 3619 632 3683 sic
649 3640 708 3682 vos
723 3619 757 3680 in
774 3620 908 3682 odorem
923 3618 1101 3683 suavitatis
1114 3617 1185 3680 Deo
1197 3616 1326 3700 jugiter

167 3723 336 3786 castitatis
352 3723 467 3809 vigore
483 3723 681 3785 mereamini
697 3723 859 3787 redolere.
905 3724 1025 3787 Amen.

210 3825 383 3909 Quatenus
410 3831 445 3891 et
472 3846 532 3889 vos
560 3825 681 3889 salutis
709 3848 748 3890 ac
778 3826 904 3889 laetitiae
931 3825 1133 3888 vestimento
1160 3822 1327 3887 Dominus

167 3927 292 4005 induat,
309 3928 474 4012 simulque
497 3949 572 3992 cum
590 3929 652 3992 hac
676 3927 775 3993 beata
798 3928 928 4012 virgine
948 3927 989 3992 ud
1013 3926 1158 3991 eoelestis
1182 3926 1324 3990 convivii

170 4032 299 4114 nuptias
316 4032 518 4096 introducat.
563 4033 682 4096 Amen.

215 4136 304 4218 Quod
321 4136 403 4221 ipse.

257 4422 350 4486 Pont.
369 4421 411 4484 22
