2940 4996
490 429 751 492 Benedictiooes
767 428 1005 508 Episcopoles.

209 632 249 689 Iu
264 635 310 690 die
325 633 355 693 S.
371 633 505 692 Andreoe.

214 832 434 916 Omnipotens
464 832 557 897 Deus
592 855 654 898 sua
684 855 744 896 vos
779 835 1011 900 benedictione
1045 832 1239 918 locupletet,
1270 829 1327 914 qui

170 935 302 998 beatum
327 936 495 1002 Andream
517 936 708 1022 apostolicae
731 938 909 1024 dignitatis
931 938 1096 1023 praeconio
1122 937 1325 1002 sublimavit.

173 1041 286 1101 Amen.

213 1140 445 1226 concedatque
473 1145 567 1208 vobis
593 1144 702 1229 ipsum
730 1147 855 1210 habere
882 1147 1137 1210 intercessorem
1161 1144 1196 1207 in
1224 1143 1326 1220 coelis,

170 1243 263 1324 cujus
279 1247 472 1327 praevenitis
489 1247 576 1310 diem
594 1246 832 1312 sollemnitatis
848 1249 1010 1313 interris.
1056 1248 1174 1311 Amen.

211 1347 323 1430 Ipsius
347 1370 477 1432 quoque
500 1349 693 1413 interventu
720 1351 852 1434 queatis
877 1352 1038 1416 scandere
1062 1349 1132 1414 alta
1158 1347 1327 1423 coelorum,

172 1469 235 1530 quo
251 1451 416 1532 processit
439 1452 525 1515 idem
542 1473 602 1537 per
625 1453 733 1517 crucis
750 1455 940 1539 passionem
964 1453 1132 1537 sequendo
1148 1451 1328 1516 Dominum

172 1553 379 1635 magistrum.
426 1555 544 1618 Amen.

214 1653 306 1738 Quod
323 1656 407 1740 ipse.

207 1878 230 1935 Ι
231 1901 248 1936 o
254 1878 328 1954 festo
342 1881 435 1938 soracti
450 1880 577 1939 Nicoloi.
620 1880 799 1940 Benedictio.

213 2095 316 2171 Deus,
341 2095 397 2178 qui
424 2093 608 2179 gloriosum
629 2094 817 2159 antistitem
841 2096 1019 2160 Nicolaum
1043 2096 1143 2159 etiam
1167 2096 1201 2158 in
1227 2116 1327 2159 cuna-

175 2197 259 2262 bulis
282 2198 443 2282 praevenit
465 2197 610 2262 mirabili
636 2199 827 2275 sanctitate,
852 2220 912 2263 vos
936 2199 1125 2263 sanctificet
1149 2218 1216 2262 suae
1239 2198 1330 2261 inde-

174 2301 312 2365 ficientis
328 2301 445 2384 gratiae
461 2301 598 2384 pietate.
645 2304 762 2364 Amen.

212 2404 257 2467 Et
288 2404 376 2467 sicut
405 2403 476 2487 ipse
507 2408 585 2487 post
614 2424 732 2467 aurum
767 2424 834 2466 non
865 2403 949 2467 abiit
979 2403 1037 2467 sed
1071 2401 1224 2486 projecit,
1255 2400 1326 2464 zelo

167 2506 322 2572 salvandi
347 2505 490 2590 virginei
515 2506 662 2589 pudoris,
691 2507 738 2570 sic
765 2527 825 2570 vos
852 2507 974 2571 efficiat
1001 2505 1208 2571 transeuntis
1234 2506 1326 2568 afflu-

163 2613 264 2674 entiae
302 2614 547 2694 contemptores
593 2616 627 2672 et
664 2614 830 2675 amatores
877 2610 1107 2675 sincerissimae
1144 2609 1323 2674 castitatis.

162 2716 288 2777 Amen.

214 2817 383 2898 Quatenus
397 2815 483 2878 sicut
493 2815 600 2898 ipsum
613 2814 901 2878 innumerabilium
913 2814 1146 2879 miraculorum
1159 2816 1328 2880 decoravit

158 2909 306 2995 honore,
323 2919 370 2982 sic
386 2939 446 2980 nos
463 2919 535 3000 ejus
551 2916 702 3001 exemplo
714 2918 748 2980 in
765 2924 881 2982 sancta
897 2919 1149 2983 conversatione
1166 2917 1325 2994 stabiliat,

156 3023 299 3086 eunctis
315 3020 484 3085 miraculis
499 3021 638 3104 potiore.
684 3021 801 3084 Amen.

211 3208 252 3266 Io
269 3207 456 3286 Concepta‘ooe
471 3209 557 3266 beatae
570 3206 679 3265 Mariae
692 3207 827 3284 cirpioa's.
869 3207 1048 3268 Benedictio,

214 3404 316 3479 Deus,
333 3404 389 3488 qui
412 3403 661 3487 conceptionem
684 3403 838 3490 gloriosae
854 3404 995 3490 virginis
1018 3406 1060 3469 ad
1084 3404 1329 3488 Unigeniti-sui

156 3508 408 3592 praeordinavit
444 3507 663 3592 temporalem
702 3509 874 3593 originem,
908 3510 1064 3573 cordibus
1102 3510 1224 3573 vestris
1263 3530 1329 3574 suae

156 3612 315 3675 radicem
332 3612 460 3676 inserat
475 3611 634 3695 puritatis
650 3612 862 3676 immobilem.
908 3614 1025 3678 Amen.

214 3716 255 3779 Et
273 3716 359 3778 sicut
376 3715 452 3798 ipsa
472 3720 634 3798 concepta
650 3716 830 3779 secundum
854 3717 1178 3800 praedestinationem
1196 3722 1279 3794 erat,
1296 3722 1331 3781 et

163 3818 213 3880 ad
238 3818 379 3881 salutem
403 3817 550 3881 omnium
573 3819 737 3882 veraciter
759 3818 925 3894 ordinata,
948 3819 998 3883 ita
1020 3840 1080 3883 nos
1104 3819 1250 3894 laetificet
1272 3842 1332 3905 per

155 3917 237 3984 liaeo
253 3920 406 4004 quamvis
422 3926 552 3984 remota
567 3921 688 3985 salutis
704 3926 826 3985 vestrae
841 3922 1033 4006 primordia.
1078 3923 1197 3987 Amen.

215 4024 284 4107 Quo
301 4024 389 4086 sicut
403 4023 438 4085 in
461 4023 579 4087 matris
596 4030 693 4087 utero
716 4044 776 4107 per
792 4024 1068 4089 sanctificationis
1091 4008 1236 4110 gratiam
1253 4048 1330 4090 con·

168 4133 269 4210 cepta
283 4131 345 4201 est,
362 4125 585 4207 triumphanti
608 4124 776 4201 Ecclesiae,
793 4126 844 4190 cui
869 4132 904 4190 et
918 4132 1000 4192 nata
1022 4132 1075 4191 est
1090 4129 1329 4213 assumptione,

173 4229 220 4292 sic
235 4249 297 4292 nos
320 4228 447 4291 assumi
464 4227 535 4290 suis
558 4227 712 4311 precibus
735 4228 887 4292 obtineat
901 4228 933 4291 in
957 4229 1110 4314 gloriam,
1125 4231 1330 4315 pertransita

169 4332 272 4416 hujus
288 4331 431 4396 miseriae
447 4332 729 4417 peregrinatione.
774 4336 892 4397 Amen.
