2940 4996
619 398 840 460 Consecratio
856 395 972 478 Rapis.

454 822 628 888 INCIPIT
651 821 962 889 CONSECRATIO
983 822 1126 888 REGIS.

253 1027 478 1086 Consecrandum
492 1051 582 1106 repom
602 1029 636 1086 ale
649 1036 784 1086 conventu
798 1029 933 1104 fialelium
946 1049 1089 1088 seruorum
1110 1028 1167 1086 duo
1181 1029 1308 1106 episcopi
1318 1052 1371 1108 per

212 1143 314 1180 manus
323 1124 485 1200 producant
499 1125 539 1182 ad
552 1125 704 1195 ecclesiam,
721 1133 746 1182 et
759 1125 859 1182 clarus
872 1125 998 1184 decantet
1010 1125 1083 1182 hano
1097 1124 1300 1200 antiphonam.

256 1219 428 1283 Firmetur
450 1224 655 1295 munusturi,
672 1226 707 1283 et
729 1219 900 1283 exaltetur
921 1220 1061 1283 dextera
1076 1223 1155 1283 tua:
1176 1218 1317 1301 justitia
1339 1227 1372 1283 et

209 1321 371 1403 judicium
394 1323 594 1407 praeparatio
618 1322 707 1386 sedis
724 1326 806 1398 tuae余
830 1322 1059 1387 misericordia
1081 1327 1116 1387 et
1137 1321 1267 1386 veritas
1290 1344 1371 1407 pree-

212 1425 333 1489 cedant
347 1426 465 1489 faciem
482 1431 586 1488 tuam.
632 1425 798 1509 Alleluya.

257 1526 372 1591 Gloria
387 1528 490 1592 Patri.

251 1631 420 1689 Perueniens
434 1632 473 1688 ad
486 1632 638 1702 ecclesiam,
650 1638 812 1708 prosternat
832 1652 859 1688 se
872 1651 957 1709 super
968 1630 1164 1708 pauimentum
1184 1640 1251 1690 ante
1265 1633 1367 1692 altare.

211 1725 412 1783 Pavimentum
426 1734 521 1784 autem
534 1735 654 1784 stratum
667 1727 705 1784 sit
718 1727 856 1803 tapetibus
877 1735 901 1784 et
920 1727 1032 1803 palliis.
1074 1726 1106 1784 F
1105 1726 1182 1783 inita
1197 1728 1365 1805 antiphona,

205 1821 263 1895 fiat
279 1822 385 1879 litania
393 1844 405 1893 余
427 1833 453 1879 et
474 1823 599 1900 episcopi
615 1830 796 1900 prosternant
815 1843 842 1879 se
856 1842 939 1899 sriper
954 1822 1154 1899 pauimentum
1167 1821 1235 1880 hinc
1248 1830 1275 1880 et
1294 1824 1369 1896 inde,

211 1915 289 1973 circa
302 1917 416 1974 electum
429 1938 530 1993 repom.

250 2012 371 2089 Enpleta
403 2020 497 2069 autem
525 2012 641 2083 litania,
668 2012 779 2087 eriyant
805 2032 841 2068 se.
892 2010 1013 2069 Erectus
1040 2019 1134 2069 autern
1165 2012 1201 2068 ab
1229 2012 1367 2090 episcopis

211 2107 310 2165 electus
323 2128 380 2179 ren,
394 2108 451 2165 tac
466 2108 525 2165 tria
538 2115 715 2165 seruaturum
728 2128 755 2164 se
769 2128 823 2164 esse
834 2106 993 2183 promittat,
1008 2105 1112 2163 dicens.

255 2204 294 2266 In
323 2203 449 2267 Christi
477 2202 610 2266 nomine
640 2202 799 2287 promitto
826 2202 894 2265 haec
925 2201 993 2265 tria
1018 2200 1142 2285 populo
1172 2201 1367 2266 Christiano

212 2307 294 2369 mihi
312 2306 455 2370 subdita.

255 2409 433 2491 Imprimis,
444 2430 495 2471 me
508 2412 748 2492 praecepturum
761 2412 796 2471 et
807 2427 900 2491 opem
913 2427 974 2491 pro
986 2406 1114 2471 viribus
1126 2407 1368 2491 impensurum,

211 2517 250 2576 ut
273 2511 427 2576 Ecclesia
450 2510 513 2574 Dei
530 2517 565 2574 et
587 2511 695 2573 omnis
718 2509 861 2593 populus
886 2508 1098 2574 Christianus
1121 2529 1236 2573 veram
1252 2533 1369 2596 pacem

211 2620 327 2678 nostro
343 2613 483 2678 arbitrio
500 2613 534 2675 in
551 2613 805 2696 omnitempore
823 2617 944 2675 servet.

254 2717 365 2793 Aliud,
378 2723 417 2780 ut
431 2717 636 2801 rapacitates
652 2723 687 2780 et
702 2735 816 2778 omnes
828 2714 1025 2799 iniquitates
1037 2715 1192 2780 omnibus
1207 2717 1368 2801 gradibus

210 2821 416 2884 interdicam.

256 2925 418 2999 Tertium,
431 2929 469 2986 ut
484 2922 518 2984 in
536 2922 689 2986 omnibus
701 2920 837 3004 judiciis
853 2919 1042 3003 aequitatem
1055 2926 1090 2985 et
1104 2920 1370 2987 misericordiam

212 3027 420 3110 praecipiam3
445 3032 483 3089 ut
509 3025 591 3088 mihi
620 3030 655 3088 et
678 3025 773 3088 vobis
793 3023 968 3108 indulgeat
991 3045 1085 3088 suam
1106 3024 1370 3090 misericordiam

212 3132 360 3195 clemens
377 3137 411 3195 et
427 3130 616 3195 misericors
633 3130 735 3205 Deus,
746 3128 807 3213 -qui
823 3128 918 3192 vivit.

256 3237 303 3298 Et
318 3237 548 3316 respondeant
564 3255 686 3309 omnes,
704 3234 821 3297 Amen.

251 3335 310 3394 His
331 3336 453 3413 captetis,
469 3356 542 3392 unus
563 3335 754 3412 episcoporum
774 3336 938 3414 alloquatur
952 3335 1104 3414 populum,
1117 3334 1145 3392 si
1164 3335 1220 3393 tali
1238 3335 1371 3414 principi

213 3452 246 3489 ac
266 3432 367 3488 rectori
380 3452 406 3487 se
426 3430 569 3505 subjicere,
586 3437 610 3486 et
624 3429 801 3505 jussionibus
822 3431 880 3506 ejus
900 3431 1086 3508 obtemperare
1106 3430 1204 3488 uelint.
1250 3430 1333 3490 Tunc
1351 3452 1370 3489 a

212 3529 409 3585 circumstante
423 3525 495 3582 clero
509 3533 534 3582 et
543 3525 651 3602 populo
664 3525 865 3601 respondeatur

255 3623 419 3686 Volumus
436 3624 471 3684 et
487 3619 708 3682 concedimus.

251 3725 353 3782 Postea
367 3742 429 3781 vero
443 3742 507 3780 cum
521 3742 551 3779 eo
565 3722 657 3779 devote
672 3721 810 3779 inclinato
824 3721 961 3781 dicantur
974 3743 993 3780 a
1002 3722 1217 3801 metropolitano
1230 3733 1369 3803 sequemet

212 3821 360 3877 orationes.

257 3914 473 3998 Omnipotens
498 3912 698 3995 sempiterne
721 3912 823 3989 Deus,
848 3920 981 3977 creator
1003 3913 1161 3990 amnium,
1185 3913 1368 3999 imperator

212 4017 419 4101 angelorum,
445 4038 503 4078 rex
530 4015 755 4100 regnantium,
784 4016 1004 4099 dominusque
1030 4016 1287 4094 dominantium,
1313 4016 1369 4101 qni

211 4121 381 4185 Abraham
412 4118 543 4182 fidelem
575 4119 736 4181 famulum
771 4124 865 4182 tuum
897 4119 938 4182 de
968 4120 1123 4183 hostibus
1158 4119 1367 4204 triumphare

211 4223 320 4286 fecisti
332 4246 339 4298 余
365 4222 475 4306 Moysi
486 4227 520 4286 et
531 4221 653 4298 Josuae,
665 4222 786 4306 popula
796 4222 953 4307 praelatis,
963 4222 1181 4307 multiplicem
1192 4222 1366 4289 victoriam

209 4325 378 4400 tribuisti余
411 4325 636 4408 humilemque
668 4323 776 4388 David
806 4346 945 4409 puerum
977 4331 1071 4388 tuum
1101 4325 1198 4410 regni
1229 4326 1366 4411 fastigio
