2940 4996
539 416 739 481 Benedictio
755 419 916 481 Attalis.
1279 420 1322 485 47

163 621 300 705 quaris3
323 625 372 697 ut,
387 625 422 687 te
438 619 616 708 largiente,
632 622 796 706 cumipse
819 622 880 687 tibi
903 627 1020 688 nostra
1036 622 1197 690 electione
1213 624 1322 710 plaee-

163 745 271 789 amus.
315 724 412 788 Per!

209 825 292 885 Tana
309 834 408 904 enrgai
421 827 514 901 abbas,
528 833 554 885 et
567 828 709 906 episcopas
727 826 864 885 eidemin
878 826 949 885 libro
962 828 1099 904 scriptam
1118 827 1163 887 aa
1182 830 1319 905 rapulam,

163 921 269 980 dicena

211 1017 332 1101 Accipe
354 1016 506 1103 regulam
533 1038 555 1081 a
581 1016 706 1081 sanctie
719 1017 872 1099 patribus
894 1016 991 1079 nobie
1014 1017 1184 1094 traditam,
1208 1019 1248 1083 ad
1271 1042 1323 1084 re-

160 1118 309 1204 gendum
325 1124 360 1183 et
375 1120 625 1184 custodiendum
636 1140 772 1204 gregem
788 1119 850 1183 tibi
862 1140 882 1183 a
894 1119 964 1182 Deo
980 1119 1150 1196 creditum,
1163 1127 1323 1204 quantum

163 1230 200 1288 te
215 1221 310 1286 Deus
324 1223 396 1308 ipse
412 1223 659 1299 confortaverit,
675 1243 714 1286 ae
729 1221 898 1308 fragilitas
913 1223 1059 1286 humana
1074 1224 1272 1306 permiserit.

207 1325 288 1383 Tnnc
302 1325 400 1383 tradat
412 1326 440 1383 ei
453 1326 591 1397 bacolan,
606 1326 708 1382 dicens.

208 1420 331 1503 Accipe
342 1420 497 1485 baculum
509 1419 690 1503 pastoralis
703 1421 810 1497 officii,
822 1442 919 1504 quem
935 1420 1092 1504 praeferas
1108 1426 1247 1486 catervae
1262 1424 1324 1488 tibi

163 1522 360 1600 commissae,
376 1523 418 1587 ad
434 1522 618 1608 exemplum
631 1522 730 1606 justae
748 1522 939 1586 severitatis
955 1527 990 1586 et
1004 1524 1233 1608 correptionis.

209 1625 350 1701 &qnater
360 1626 480 1703 tyranne
491 1625 568 1684 Veni
582 1625 724 1698 Creator3
746 1645 872 1702 episcopo
887 1625 1035 1683 inclinante
1052 1647 1116 1683 cnm
1128 1627 1324 1703 genuflexione,

162 1728 190 1778 et
204 1721 286 1779 clero
295 1720 504 1799 prosequente.†

204 1816 266 1888 Quo
279 1816 354 1874 dicto
368 1824 495 1892 enrqant,
510 1823 535 1872 et
554 1816 698 1894 episcopas
717 1834 799 1892 snper
821 1835 885 1873 enne
897 1822 1016 1874 stantem
1029 1823 1055 1874 ei
1074 1817 1260 1875 inclinantem
1280 1838 1317 1888 ee,

164 1912 381 1970 benedictionem
399 1909 519 1992 [dicat].

209 2007 373 2071 Dominus
387 2006 567 2071 vobiscum.

225 2112 359 2174 Oratio.
405 2109 606 2174 Cunctorum
636 2111 798 2174 bonorum
827 2109 1013 2186 institutor,
1044 2110 1146 2186 Deus,
1177 2111 1234 2194 qui
1264 2133 1324 2195 per

164 2212 308 2296 Moysen
317 2212 479 2277 famulum
491 2218 584 2276 tuum
597 2213 638 2277 ad
650 2211 884 2296 gubernandae
896 2211 1055 2275 ecclesian
1067 2213 1262 2297 praepositos
1274 2213 1323 2275 in-

162 2315 321 2380 stituisti:
340 2315 402 2380 tibi
414 2314 580 2399 supplices
592 2335 706 2400 preces
717 2314 897 2389 fundimus,
907 2319 1006 2397 teque
1018 2313 1146 2377 devotis
1156 2315 1323 2378 mentibus

164 2438 353 2493 exoramus,
369 2422 407 2481 ut
421 2418 498 2480 huie
512 2417 637 2481 famulo
652 2422 710 2482 tuo
730 2417 773 2480 N.
790 2437 886 2500 quem
904 2416 1135 2481 convenientia
1157 2422 1190 2482 et
1207 2416 1324 2482 electio
1385 2441 1387 2446 ·

165 2520 368 2584 famulorum
381 2526 513 2584 tuorum
529 2521 682 2584 abbatem
699 2519 795 2582 hodie
808 2518 918 2582 ovium
933 2524 1067 2583 tuarum
1080 2540 1153 2583 esse
1169 2520 1327 2595 instituit,

167 2623 386 2707 protectionis
402 2628 465 2687 tuae
480 2623 593 2708 gratia
604 2622 733 2685 munire
748 2621 906 2708 digneris,
919 2622 1030 2704 sicque
1046 2644 1162 2708 regere
1179 2623 1330 2688 subditos

169 2725 344 2801 concedas,
367 2729 405 2789 ul
428 2746 502 2788 cum
530 2726 682 2788 omnibus
708 2723 777 2788 illis
801 2743 906 2807 regna
931 2724 1086 2787 coelorum
1113 2725 1328 2810 adipiscatur,

171 2834 350 2910 quatenus,
377 2834 411 2891 te
441 2827 637 2912 opitulante,
667 2825 818 2903 Domine,
846 2826 1039 2910 apostolicis
1065 2827 1194 2912 jugiter
1222 2827 1329 2892 fultus

168 2930 340 3005 doctrinis,
356 2951 430 2994 cum
445 2930 627 2994 centesimo
642 2929 753 2993 fructu
768 2928 866 2992 laetus
881 2929 1028 2993 introeat
1042 2936 1158 3014 portas
1171 2930 1328 3014 paradisi,

165 3040 268 3116 atque
291 3054 312 3096 a
334 3037 378 3109 te,
392 3033 544 3109 Domine,
560 3031 771 3097 collaudante
793 3031 909 3096 audire
929 3038 1107 3108 mereatur,
1124 3054 1208 3118 euge
1231 3054 1325 3097 serve

167 3137 253 3199 bone
279 3140 314 3199 et
337 3136 454 3213 fidelis,
480 3135 558 3219 quia
581 3135 614 3198 in
641 3156 746 3219 pauca
772 3134 867 3198 fuisti
892 3134 1011 3212 fidelis,
1037 3156 1140 3220 supra
1163 3135 1269 3200 multa
1293 3143 1326 3199 te

166 3239 391 3316 constituam
414 3239 506 3303 intra
520 3239 554 3301 in
570 3239 728 3323 gaudium
745 3237 878 3301 Domini
894 3240 954 3303 tui.

208 3343 393 3406 Sabmieee.

211 3443 304 3528 Quod
320 3444 392 3528 ipre
408 3448 569 3528 praestare
584 3443 744 3528 digneris,
762 3444 817 3527 qui
834 3444 919 3507 vivis
936 3448 970 3506 et
982 3463 1105 3528 regnas
1121 3442 1222 3506 Deus.

209 3546 281 3609 Hic
296 3547 425 3610 inaltet
439 3567 561 3610 nocem.

207 3805 272 3869 Per
287 3805 445 3869 omni-a
467 3803 617 3869 see-cula
633 3804 881 3867 see-cu-lo-rum.
928 3809 1060 3867 A-men.

160 3940 178 3971 θ
196 3939 229 3992 in
239 3939 355 4008 margin.
373 3938 440 3991 Alia
450 3939 542 3992 matio.
581 3937 660 4006 Deus,
671 3937 718 4008 qui
731 3937 782 3992 sub
795 3944 858 3993 tuae.

197 4024 326 4096 Seqniim
340 4023 511 4078 Omneeraiia
549 4023 715 4079 Cunctorum
729 4023 869 4078 bonorum.

203 4109 385 4181 Veriefolinm
396 4111 433 4164 ad
445 4111 518 4165 isind
526 4113 634 4181 signnm
646 4110 669 4162 B
682 4109 773 4183 [infra
779 4129 810 4180 p.
825 4111 874 4182 51]

159 4202 177 4269 †
196 4201 227 4254 in
238 4199 347 4268 marafin
355 4216 365 4262 ,¹
385 4198 450 4252 Posi
462 4197 533 4253 Veni
545 4200 663 4265 (irenem,
679 4198 812 4251 Dominus
826 4199 970 4253 vobiscum.
997 4199 1117 4254 Oremue.
1143 4200 1229 4273 Super
1246 4203 1321 4258 hunc

161 4286 305 4355 famulum,
322 4285 360 4338 ad
378 4285 576 4354 intuitionem
594 4285 615 4336 O
633 4282 733 4356 [infra
748 4302 807 4354 pag.
827 4285 875 4356 51]
910 4285 947 4339 Ei
965 4287 1017 4341 isia
1035 4289 1127 4356 oratio,
1142 4286 1214 4342 Deua
1231 4290 1323 4344 lumen

159 4381 304 4430 aeternum.
342 4371 379 4442 [ll
392 4389 417 4443 p.
431 4371 479 4442 52]
514 4371 640 4442 Sequitur
652 4373 814 4425 consecratio.
