2940 4996
185 410 251 478 282
339 410 383 474 Ia
403 411 667 475 Consecrationc
685 409 826 493 Reyiaoe
841 406 1007 471 Motildae
1022 404 1181 468 Litauict.

397 618 492 683 Olor.
539 615 696 680 Christus
713 614 826 678 vincit.
856 612 1011 677 Christus
1027 614 1160 695 regnat.
1188 607 1351 673 Christus

548 720 702 803 imperat.

399 825 496 886 Cant.
626 822 709 886 Vita
725 825 760 884 et
777 820 869 884 salus
885 826 1012 883 nostra.

405 924 501 988 Cant.
542 925 613 1009 Ipsi
645 924 708 987 soli
738 923 1027 1004 honor....per
1056 919 1190 983 infinita
1224 916 1349 981 saecula

548 1027 754 1091 saeculorum.

398 1130 496 1195 Olor.
629 1129 699 1214 Ipsi
715 1128 836 1212 gloria.

398 1231 496 1295 Cant.
541 1232 611 1315 Ipsi
642 1230 706 1294 soli
737 1230 838 1294 decus
869 1234 904 1292 et
935 1231 1090 1313 potestas
1120 1231 1156 1291 et
1186 1274 1193 1289 .
1218 1273 1257 1289 ..
1287 1245 1349 1309 per

548 1333 679 1397 infinita
695 1332 816 1396 saeoula
833 1332 1040 1396 saeculorum.

399 1437 496 1501 Obor.
627 1437 698 1521 Ipsi
714 1436 836 1520 gloria.

397 1541 495 1601 Cant.
542 1539 613 1621 Ipsi
640 1537 761 1620 gloria,
789 1537 865 1600 laus
893 1536 1099 1619 etjubilatio
1127 1555 1188 1618 per
1214 1532 1349 1597 infinita

185 1640 307 1704 saecula
323 1641 549 1704 saeculorum*

229 1743 408 1806 Benedicat
438 1764 499 1806 nos
531 1743 644 1808 divina
677 1741 837 1825 majestas
867 1741 1011 1805 Domini.
1074 1739 1256 1804 Benedicat
1286 1759 1348 1802 nos

185 1845 330 1928 Spiritus
349 1845 491 1909 Sanctus
504 1846 560 1929 qui
575 1846 610 1908 in
627 1846 736 1931 specie
750 1845 907 1909 columbae
920 1845 953 1906 in
969 1845 990 1908 J
992 1844 1114 1908 ordane
1129 1844 1231 1906 fluvio
1245 1863 1348 1927 super

184 1946 354 2012 Christum
367 1949 543 2030 requievit.
589 1947 652 2010 Ille
665 1969 727 2011 nos
742 1948 918 2012 benedicat
930 1948 986 2030 qui
999 1947 1039 2009 de
1053 1947 1133 2010 coelo
1146 1947 1349 2010 descendere

183 2050 341 2135 dignatus
358 2057 410 2113 est
426 2051 459 2113 in
475 2056 601 2115 terram
618 2051 709 2132 etde
730 2071 788 2114 suo
806 2054 922 2114 sancto
939 2051 1102 2134 sanguine
1117 2071 1178 2113 nos
1193 2050 1349 2115 redemit.

188 2153 370 2217 Benedicat
382 2153 543 2217 Dominus
555 2154 779 2217 sacerdotium
790 2159 942 2216 nostrum
957 2160 990 2217 et
1002 2155 1176 2218 introitum
1186 2158 1351 2219 nostrum.

186 2255 348 2325 Alleluia.

231 2358 348 2423 Gloria
364 2359 483 2423 victori
501 2359 545 2422 sit
562 2359 695 2423 Christo
712 2359 811 2422 laude
828 2359 987 2442 perenni3

232 2461 295 2545 Qui
313 2483 413 2546 super
429 2468 523 2526 astra
539 2467 662 2538 manet,
679 2464 730 2545 cuj
738 2483 776 2525 us
792 2461 933 2526 victoria
947 2461 1064 2546 pollet.

409 2565 523 2629 Gloria
539 2566 667 2629 victori.

231 2667 296 2731 Pro
312 2668 426 2730 mundi
442 2669 513 2730 vita
528 2667 732 2751 persolvitur
746 2669 859 2732 hostia
874 2668 961 2743 viva,

234 2769 338 2854 Quam
355 2792 446 2833 mors
462 2772 540 2833 dum
557 2771 697 2847 mordet,
713 2771 805 2834 necis
822 2771 855 2832 in
873 2791 908 2834 se
925 2770 994 2834 tela
1008 2775 1192 2854 retorquet.

408 2873 525 2943 Gloria
540 2874 670 2937 victori.

233 2976 299 3038 Per
314 2976 432 3038 mortis
448 2976 591 3060 pretium
609 2977 816 3040 Pharaonem
833 2977 916 3040 vicit
931 2976 1091 3059 iniquum,

234 3078 281 3141 Et
297 3077 447 3161 spolians
464 3079 610 3154 erebum,
627 3080 723 3143 nobis
739 3079 832 3142 dedit
848 3083 940 3143 astra
955 3078 1117 3164 polorum.

410 3179 472 3263 Qui
489 3202 589 3265 super
606 3187 708 3246 astra.

234 3283 318 3346 Ecce
337 3305 452 3368 preces
468 3290 612 3360 nostras,
629 3306 713 3367 quas
729 3283 908 3360 fundimus,
926 3283 1041 3347 audiat
1056 3283 1151 3360 istas,

236 3386 383 3451 Cunctos
400 3388 457 3471 qui
473 3390 600 3472 proprii
616 3410 678 3452 nos
694 3388 868 3472 sanguinis
884 3386 995 3451 abluit
1009 3387 1116 3451 undis.

411 3490 536 3554 Gloria.

236 3593 390 3657 Moribus
412 3600 567 3657 ornatum
592 3594 780 3657 Salamonis
805 3593 895 3657 fonte
918 3593 1175 3679 repletum(er
1195 3595 1351 3680 dogmate

234 3698 409 3762 Poscimus
426 3697 613 3782 Anglorum
629 3703 781 3761 nostrum
799 3698 908 3762 salvet
922 3697 1099 3762 basileum.
1187 3697 1350 3784 [plenum)

427 3801 489 3882 Qui
506 3821 607 3883 super
622 3807 726 3864 astra.

234 3903 409 3965 Poscimus
427 3909 461 3965 et
477 3908 629 3966 nostram
647 3903 757 3966 salvet
774 3901 930 3968 Ghristus
946 3903 1121 3979 basileam,

234 4005 394 4069 Nobilem
411 4010 514 4088 atque
531 4006 620 4087 piam
637 4011 828 4091 gestantem
844 4007 1013 4091 dogmatis
1029 4007 1179 4095 hydram.

420 4110 543 4174 Gloria.

194 4284 210 4316 *
229 4282 285 4336 line
299 4281 348 4336 left
361 4281 446 4336 blank
461 4281 502 4335 for
516 4282 614 4337 rubrio.
