2940 4996
268 441 334 503 390
378 442 429 504 Dc
447 439 625 502 Coloribus
651 440 930 503 Vestimcntorum
944 441 981 502 in
998 442 1093 506 Eccl.
1110 441 1307 503 Eoeonicnsr'.

336 617 388 679 Dc
402 616 510 678 viridi
525 614 638 677 colore

312 719 443 782 Viridis
464 717 558 782 color
573 716 717 809 mundus
739 724 792 781 est
813 723 849 782 et
862 718 939 782 risu
956 719 1122 802 jocundus
1138 727 1237 803 atque
1253 716 1414 781 conforta-

363 823 466 887 tivus.
511 822 587 885 Illis
616 821 720 906 igitur
749 823 955 905 temporibus
984 825 1151 909 congruit,
1181 825 1302 908 quibus
1334 821 1414 883 fides

368 926 615 991 Incarnationis
630 930 666 989 et
681 926 831 989 infantia
848 926 1034 991 Salvatoris
1049 951 1177 993 necnon
1193 929 1274 992 fides
1293 929 1418 990 Sanctae

368 1033 548 1095 Trinitatis
570 1030 740 1105 recolitur,
756 1032 835 1113 quia
846 1033 962 1114 justus
984 1039 1019 1098 et
1033 1034 1097 1097 fide
1120 1036 1213 1110 vivit,
1229 1040 1262 1098 et
1285 1032 1419 1096 virescit

368 1137 506 1222 pariter,
522 1144 559 1199 et
572 1142 739 1219 resurget.
784 1134 876 1210 Ideo,

314 1244 353 1306 In
384 1242 538 1305 omuibus
568 1239 752 1302 Dominicis
781 1246 817 1304 et
845 1241 953 1304 Feriis
983 1242 1026 1306 ab
1057 1241 1193 1308 Octavia
1223 1241 1417 1326 Epiphania

365 1368 469 1431 usque
486 1345 528 1410 ad
545 1344 855 1429 septuagesimam:

314 1451 360 1516 Et
381 1473 403 1514 a
424 1451 527 1514 Festo
552 1449 680 1512 Sancta
696 1447 875 1513 Trinitatis
898 1471 1004 1534 usque
1025 1452 1216 1516 Adventum
1238 1472 1299 1535 per
1313 1455 1419 1514 totam

368 1564 532 1632 aestatem,
547 1555 678 1640 quando
700 1555 741 1618 de
764 1563 915 1641 tempore
930 1557 1055 1643 agitur,
1071 1559 1284 1621 vestimentis
1307 1558 1422 1619 viridi-

368 1664 433 1727 bus
460 1668 513 1726 est
539 1661 721 1736 utendum
744 1666 780 1725 et
802 1661 970 1724 sciendum
994 1662 1082 1745 quod
1110 1663 1201 1727 color
1223 1684 1363 1726 croceus
1390 1668 1424 1724 et

371 1768 486 1832 viridis
501 1789 562 1852 pro
578 1766 693 1829 eodem
708 1770 896 1849 reputatur.

339 1875 390 1937 De
404 1876 504 1956 aigro
521 1870 643 1933 colore.

318 1979 428 2063 Niger
442 1976 535 2040 color
550 1974 703 2058 lugubris
718 1979 773 2036 est
787 1975 1000 2040 novissimus.
1046 1977 1125 2040 ldeo
1141 1979 1299 2041 utendum
1318 1986 1370 2044 est
1388 2003 1425 2044 eo

374 2083 408 2144 iu
425 2079 747 2143 Commemoratione
763 2079 978 2143 Animarum:

318 2187 364 2250 Et
379 2186 534 2269 quotiens
550 2183 663 2267 agitur
677 2182 717 2245 de
734 2185 895 2246 mortuis:
1166 2263 1170 2275 Ι

318 2291 363 2354 Et
378 2291 412 2352 iu
428 2289 481 2352 die
504 2288 719 2362 Parasceves‚
736 2289 843 2373 nigris
866 2294 920 2352 est
933 2289 1103 2352 utendum.
1148 2290 1273 2354 Tamen
1290 2293 1426 2356 videtur

369 2392 623 2457 convenientius
649 2391 684 2452 in
712 2391 765 2453 die
791 2392 997 2456 Parasceves
1024 2414 1128 2476 usque
1152 2400 1229 2478 post
1254 2396 1425 2459 orationes

370 2497 550 2561 sollemnes
566 2496 681 2559 rubeis
696 2496 757 2571 uti,
775 2503 811 2561 et
826 2504 944 2583 postea
959 2496 1076 2581 nigris.

311 2604 357 2668 Et
382 2602 552 2667 sciendum
576 2601 663 2685 quod
687 2602 868 2665 secuudum
891 2602 1051 2686 quosdam
1074 2600 1244 2665 violaceus
1267 2608 1303 2666 et
1326 2604 1425 2689 niger

369 2729 430 2792 pro
448 2706 563 2769 eodem
578 2705 763 2769 habentur:
787 2711 900 2769 tamen
916 2706 950 2768 in
966 2704 1117 2769 Ecclesia
1133 2713 1249 2770 nostra
1264 2706 1376 2771 Exon.
1393 2711 1425 2771 in

372 2814 480 2877 tribus
510 2810 623 2872 Festis
653 2816 796 2875 utuntur
821 2810 1050 2874 indifferenter
1076 2811 1229 2874 omuibus
1256 2812 1426 2878 coloribus

368 2914 535 2990 similiter,
552 2913 680 2977 scilicet
701 2915 735 2977 iu
758 2913 859 2979 Festo
883 2913 1030 2978 omnium
1055 2913 1261 2990 Sanctorum,
1279 2923 1313 2979 et
1332 2916 1424 2981 Reli·

351 3021 529 3104 ⁴quiarum,
545 3025 580 3081 et
596 3019 832 3084 Dedicatiouis.
