2940 4996
219 411 281 472 168
579 415 797 478 Oouseerotio
820 415 1008 498 Virpiuum.

214 599 347 664 flamma
362 600 449 684 quod
472 605 559 678 urat,
577 602 635 665 sed
657 602 771 667 divina
786 604 895 688 pietas
910 604 997 689 quod
1021 606 1167 679 coronet,
1183 622 1284 685 quam
1303 601 1375 685 jam

212 702 246 764 in
263 704 324 767 hoc
342 704 460 767 saeeulo
477 706 687 770 conversatio
702 706 863 792 religiosa
878 707 1063 772 mundavit.
1108 707 1228 771 Amen.

256 807 410 891 Hincque
433 808 584 872 tribunal
607 812 722 874 aeterni
743 813 836 896 regis
859 832 1052 888 ascensura,
1068 809 1226 894 celsaque
1249 808 1379 894 palatia

212 931 287 973 cum
311 911 437 974 eisdem
464 912 625 976 merearis
643 914 850 998 portionem,
874 914 932 998 qui
959 917 1148 999 sequuntur
1173 914 1309 998 Agnum
1338 920 1375 977 et

213 1020 351 1077 cantant
384 1014 551 1078 canticum
582 1037 704 1079 novum
739 1017 811 1081 sine
842 1017 1042 1093 cessatione,
1072 1015 1143 1080 illic
1172 1021 1377 1100 perceptura

213 1118 382 1200 praemium
399 1125 476 1204 post
498 1119 659 1197 laborem,
676 1140 872 1205 semperque
894 1142 1032 1186 maneas
1055 1120 1089 1183 in
1104 1119 1243 1205 regione
1260 1119 1374 1183 viven-

213 1220 316 1283 tium:
339 1226 440 1304 atque
470 1221 543 1305 ipse
573 1227 608 1287 te
638 1223 855 1302 beneffldicat
884 1225 925 1288 de
957 1223 1051 1288 coelis
1081 1222 1149 1305 qui,
1174 1243 1235 1306 per
1264 1222 1374 1286 crucis

213 1323 413 1405 passionem,
431 1325 611 1389 humanum
635 1346 743 1410 genus
759 1326 917 1411 dignatus
941 1332 994 1392 cst
1016 1325 1180 1391 redimere
1203 1325 1238 1388 in
1261 1324 1375 1402 terris,

212 1427 233 1489 J
236 1446 314 1489 esus
337 1426 493 1491 Christus
513 1426 677 1491 Dominus
701 1434 827 1506 noster,
842 1430 900 1514 qui
922 1451 997 1493 cum
1019 1433 1197 1493 oo-aeterno
1212 1428 1314 1493 Patre
1339 1434 1375 1491 et

214 1529 342 1612 Spiritu
360 1529 482 1594 Sancto
499 1531 532 1593 iu
556 1531 720 1595 Trinitate
737 1532 885 1615 perfecta
900 1532 985 1597 vivit
1000 1535 1035 1595 et
1056 1534 1178 1615 regnat
1193 1529 1296 1606 Deus,
1314 1550 1375 1614 per

212 1633 324 1696 omnia
340 1633 460 1696 saecula
477 1633 682 1698 saeculorum.
727 1637 845 1698 Amen.

252 1736 320 1792 Post
333 1736 391 1793 boec
405 1737 423 1771 l
439 1737 537 1794 tradat
551 1738 644 1794 alicui
651 1739 752 1815 puelle
766 1759 876 1796 cereum
889 1737 929 1795 ud
942 1736 1101 1807 tenendum,
1117 1743 1142 1794 et
1156 1737 1255 1811 offerat
1266 1756 1372 1814 panem

212 1837 237 1886 et
263 1830 363 1886 uiuum
390 1833 527 1909 episcopo,
551 1833 709 1910 iterumque
736 1834 863 1910 accipiat
887 1852 1005 1904 cereum,
1029 1838 1054 1890 et
1080 1838 1131 1889 stet
1157 1831 1303 1889 inclinata
1330 1831 1373 1889 vel

211 1932 354 2000 prostratu
378 1934 442 1983 aute
467 1927 559 1985 altare
580 1948 599 1985 a
623 1928 701 2004 louqe
724 1948 811 2004 usque
834 1928 1019 1986 communicet
1040 1933 1066 1984 et
1091 1925 1180 1984 missa
1201 1925 1303 1984 ordine
1324 1947 1373 1984 auo

205 2019 344 2096 finiatur.
385 2020 462 2079 Item
476 2023 636 2100 antiphona
651 2023 755 2100 Apuus
771 2021 840 2082 Det.

254 2117 477 2198 Episcopatu
495 2120 683 2182 benedictio
699 2141 802 2200 super
817 2141 901 2185 eam.

258 2220 408 2295 Effunde,
438 2219 592 2297 Domine,
627 2242 828 2305 quaesumus,
862 2221 1168 2310 beneffldictionem
1202 2217 1371 2284 coelestem

212 2340 313 2404 super
335 2323 421 2386 hanc
444 2323 603 2386 famulam
621 2331 714 2386 tuam
737 2325 781 2388 N.
806 2344 954 2388 sororem
977 2329 1137 2400 nostram,
1154 2343 1226 2407 quae
1249 2321 1372 2384 devota

211 2431 321 2488 mente
335 2446 370 2488 se
383 2426 558 2502 humiliat;
582 2427 739 2491 universa
753 2427 876 2491 delicta
886 2416 1007 2512 fugiat,
1020 2427 1188 2510 sociatque
1202 2424 1268 2489 sibi
1280 2425 1368 2489 bona

210 2527 377 2592 desideria
392 2533 587 2614 praeparata,
604 2538 643 2593 ut
657 2531 752 2614 regni
769 2531 914 2595 coelestis
938 2535 1054 2596 sancta
1069 2529 1247 2613 conquirat
1267 2527 1371 2593 lucra.

212 2632 329 2696 Amen.

254 2735 378 2799 Pareat
401 2756 533 2820 semper
554 2736 677 2799 divinis
704 2737 888 2820 praeceptis,
913 2740 960 2813 ut,
983 2740 1017 2800 te
1041 2734 1236 2819 adjuvante,
1259 2733 1370 2797 vincat

209 2838 362 2903 incendia
377 2840 498 2915 carnis,
511 2860 707 2923 omnemque
723 2839 893 2902 libidinem
906 2861 1016 2924 pravae
1032 2839 1218 2923 voluptatis
1235 2845 1370 2923 superet

209 2963 322 3005 amore
349 2943 536 3017 castitatis3
561 2943 683 3005 habeat
706 2942 741 3004 in
765 2963 800 3005 se
823 2941 933 3005 oleum
956 2942 1157 3018 sanctitatis,
1179 2946 1216 3005 et
1237 2939 1369 3005 laetetur

209 3065 283 3106 cum
299 3044 509 3128 lampadibus
526 3045 750 3127 sempiternis.
796 3047 914 3108 Amen.
1360 3041 1363 3046 ’

253 3146 370 3210 Gestet
392 3148 426 3208 iu
443 3147 596 3211 manibus
619 3147 690 3209 suis
712 3147 804 3210 faces
820 3152 964 3221 sanctas,
981 3151 1014 3209 et
1036 3144 1124 3229 apud
1148 3145 1368 3230 sapienteset

207 3251 413 3314 castissimas
440 3250 581 3325 animas,
602 3250 685 3313 duce
709 3250 854 3326 Christo,
877 3249 1016 3313 introire
1039 3253 1210 3312 mereatur
1228 3249 1364 3333 januam

208 3352 475 3436 regnicoeleslis.
520 3354 638 3415 Amen.

251 3456 344 3539 Quod
360 3457 431 3540 ipse
447 3461 606 3540 praestare
623 3455 792 3539 dignetur.

247 3558 317 3616 Post
331 3560 388 3616 boec
401 3560 541 3635 relinquet
552 3559 651 3635 puello
665 3579 774 3616 cereum
787 3576 880 3627 suum,
896 3563 922 3614 et
935 3557 1033 3631 offerat
1041 3575 1150 3634 panem
1163 3563 1189 3613 et
1203 3555 1305 3614 uuum
1318 3555 1364 3614 boc

209 3655 298 3714 ruodo.
347 3654 436 3731 Va'rpo
452 3653 515 3712 Deo
529 3655 637 3725 dicatu,
652 3661 771 3730 utruque
786 3673 883 3724 ueuuu,
900 3653 1014 3710 deutera
1024 3660 1163 3730 patenum
1183 3671 1249 3709 cum
1263 3651 1361 3719 boetia,

171 3801 173 3805 .
206 3752 238 3807 iu
265 3751 387 3808 sinistra
413 3751 531 3809 calicem
557 3770 621 3807 cum
648 3750 724 3807 uiuo.
768 3749 810 3809 Et
832 3748 986 3827 procedens
1009 3747 1049 3805 cd
1072 3745 1247 3824 offerendum
1271 3746 1363 3803 mittut

203 3929 221 3963 ⁴*
240 3930 296 3982 The
314 3930 366 3982 last
384 3937 446 4000 part
464 3930 494 3985 of
510 3930 565 3984 this
578 3930 656 3985 Office
669 3930 692 3983 is
704 3948 721 3984 a
733 3930 862 3984 confused
879 3935 1072 4000 arrangement
1089 3927 1121 3982 of
1136 3927 1184 3982 the
1202 3927 1363 3999 concluding

206 4019 310 4072 rubrius
322 4019 352 4072 ot
361 4027 415 4073 two
428 4020 555 4074 different
567 4020 650 4074 forms
663 4019 693 4074 of
703 4020 749 4072 the
762 4019 842 4074 office.

243 4107 322 4158 From
340 4107 405 4159 Post
422 4107 477 4160 boec
489 4110 581 4162 tradat
599 4117 626 4161 to
645 4109 693 4161 the
705 4107 760 4161 end
779 4106 810 4161 of
825 4106 872 4161 the
890 4103 1031 4177 Episcopal
1050 4102 1224 4158 benediction
1244 4104 1292 4159 the
1309 4110 1365 4159 text

207 4194 230 4246 is
255 4193 349 4264 nearly
375 4194 506 4249 identical
536 4197 603 4249 with
628 4197 676 4250 the
705 4195 876 4249 Winchester
905 4191 1051 4248 Pontifical
1075 4192 1105 4245 in
1134 4191 1182 4245 the
1206 4191 1363 4262 Cambridge

208 4281 364 4351 University
377 4280 508 4353 Library;
529 4283 576 4337 the
595 4282 748 4337 remainder
768 4282 835 4336 with
855 4281 902 4336 the
915 4284 956 4352 (so
974 4278 1071 4352 called)
1085 4278 1201 4333 Linooln
1222 4276 1362 4334 Pontifical

207 4368 236 4419 in
251 4367 296 4419 the
309 4385 382 4421 same
395 4369 519 4441 Library.
