2940 4996
286 397 540 461 Intbronr'autio
558 397 821 481 Archiepisoopi
839 399 1051 462 Laurentius
1069 393 1187 458 Bolbe.
1248 388 1310 454 377

159 561 244 634 duas
267 569 382 653 pelves
407 572 576 654 usquead
601 593 765 635 summum
790 572 898 636 altare
922 573 956 634 in
978 567 1162 634 Ecclesiam
1188 563 1310 629 Cathe-

158 674 286 738 dralem
310 674 411 738 Ebor.
434 676 568 753 detulit,
585 678 720 739 interim
745 677 784 740 de
808 679 900 759 (sio)
922 685 955 740 et
979 675 1135 761 primitus
1158 666 1311 751 deposita

160 778 373 860 processione
390 799 450 862 per
473 781 786 843 subthesaurarium
802 786 837 843 et
852 779 938 844 alios
956 777 1113 842 Ecclesiae
1129 771 1311 836 ministros.

164 881 414 966 Subsequenter
437 905 516 946 vero
540 885 704 948 Dominus
728 885 1010 969 Archiepisoopus
1034 904 1054 946 a
1074 881 1165 944 diota
1188 875 1317 961 capella

161 986 340 1061 calceatus,
354 1008 393 1050 eo
409 989 494 1071 quod
513 995 645 1071 tempus
662 989 769 1052 adhuc
786 987 1027 1073 quodammodo
1042 985 1108 1048 fuit
1123 981 1313 1066 pluviosam

161 1098 195 1153 et
226 1091 281 1154 via
310 1091 448 1168 lubrica,
482 1093 746 1176 praecedentibus
781 1094 951 1178 religiosis
982 1097 1018 1154 et
1048 1089 1136 1154 clero
1167 1083 1317 1150 civitatis

162 1195 369 1278 presbyteris
394 1217 520 1258 necnon
538 1197 705 1260 ministris
721 1196 880 1261 Ecclesiae
896 1195 997 1258 Ebor.
1017 1186 1314 1278 processionaliter

160 1303 198 1360 ut
220 1298 397 1380 praefertur
420 1299 595 1373 ordinatis,
620 1306 657 1363 ut
681 1307 734 1363 est
760 1301 875 1374 moris,
899 1300 934 1362 in
958 1298 1049 1382 capis
1074 1295 1202 1368 sericis,
1225 1290 1313 1356 albis

161 1400 298 1477 indutis,
322 1402 563 1466 comitantibus
584 1404 783 1479 Abbatibus,
808 1403 981 1466 Prioribus
1005 1409 1040 1463 et
1063 1399 1140 1465 aliis
1166 1394 1314 1482 praelatis

163 1505 203 1567 ad
216 1504 400 1568 Ecclesiam
415 1504 651 1570 Oathedralem
663 1507 763 1570 Ebor.
777 1506 990 1591 procedebat,
1002 1504 1106 1590 pallio
1116 1523 1176 1588 pro
1188 1500 1313 1563 feretro

164 1608 277 1672 Sancti
305 1609 470 1672 Willelmi
498 1610 664 1685 ordinato,
694 1632 794 1694 super
821 1610 962 1673 eundem
993 1607 1164 1671 dominum
1196 1600 1313 1668 Archi-

165 1713 357 1795 episoopum
375 1733 434 1795 per
450 1713 634 1777 Diaconum
650 1713 807 1778 Ecclesiae
823 1715 1011 1799 deportato.
1047 1693 1052 1701 ’

208 1821 255 1879 Ac
271 1817 344 1898 ipso
360 1816 493 1880 domino
511 1818 769 1902 Archiepisoopo
787 1818 999 1904 ingrediente
1016 1817 1141 1880 ostium
1158 1809 1315 1876 Ecclesiae

167 1919 380 1985 (lathedralis
397 1922 613 1998 occidentale,
627 1943 687 2007 per
702 1922 827 1986 dietum
841 1923 1012 1986 Decanum
1029 1933 1064 1984 et
1075 1920 1317 1984 Praecentorem

168 2046 255 2108 aqua
266 2025 444 2089 benedicta
456 2047 615 2110 aspersus
627 2037 661 2090 et
679 2027 892 2091 thurificatus
906 2031 968 2090 est.
1015 2024 1126 2087 Textu
1136 2019 1315 2106 Evangelii
1426 2066 1432 2080 .

167 2129 352 2212 peripsum
377 2128 496 2191 devote
521 2129 674 2193 osculato
698 2131 979 2215 processioneque
1002 2129 1037 2190 in
1054 2128 1131 2191 navi
1154 2123 1313 2188 Ecclesia
1395 2152 1398 2156 ’

170 2233 331 2316 praedictae
371 2238 492 2307 stante,
531 2237 693 2316 praetatus
739 2233 901 2296 Dominus
949 2232 1230 2314 Archiepisoopus
1274 2226 1317 2290 ad
1422 2260 1425 2267 ·

170 2335 334 2419 quoddam
366 2335 548 2398 scabellum
580 2337 670 2400 inter
703 2338 830 2399 fontem
861 2335 1096 2420 baptismalem
1129 2342 1164 2396 et
1194 2332 1317 2396 ostium

171 2438 376 2503 occidentale
400 2460 460 2521 pro
484 2440 556 2523 ipso
580 2446 618 2502 ut
640 2440 751 2503 decuit
774 2440 975 2514 ordinatum,
993 2438 1193 2522 genuflexit;
1217 2436 1318 2499 choro

167 2543 303 2606 interim
341 2550 497 2605 cantante
525 2544 671 2605 Summae
705 2546 870 2606 l'rinitati
898 2564 971 2605 cum
1002 2563 1101 2605 versu
1129 2547 1164 2604 et
1184 2534 1317 2604 ¹Gloria

175 2649 288 2709 Patri.

215 2750 368 2834 Ipsisque
385 2770 405 2810 a
420 2750 521 2811 choro
537 2751 736 2828 decantatis,
753 2753 840 2815 idem
856 2751 1010 2814 dominus
1027 2748 1318 2835 Archiepisoopus,

171 2854 329 2938 inspectis
342 2872 402 2935 per
418 2872 492 2914 eum
506 2858 728 2920 sacrosanctis
740 2855 803 2919 Dei
821 2853 1017 2938 Evangeliis
1030 2854 1065 2915 in
1077 2875 1179 2917 manu
1195 2853 1320 2917 domini

169 2959 305 3031 Decani,
322 2956 591 3022 auscultantibus
607 2963 660 3036 dac,
673 2959 904 3041 juramentum
922 2957 1009 3039 quod
1027 2963 1122 3020 textu
1139 2956 1318 3042 Evangelii

170 3065 331 3147 seriptum
347 3061 432 3145 legit
455 3068 490 3124 et
509 3062 638 3144 juravit
663 3064 725 3126 sub
750 3064 812 3126 hac
828 3063 936 3124 forma
955 3061 1014 3124 &a
1031 3066 1071 3124 ut
1092 3062 1197 3145 prius,
1214 3081 1319 3144 usque

171 3170 203 3231 in
222 3169 330 3230 finem.
