<?xml version="1.0" encoding="UTF-8"?>
<!DOCTYPE html PUBLIC "-//W3C//DTD XHTML 1.0 Transitional//EN"
    "http://www.w3.org/TR/xhtml1/DTD/xhtml1-transitional.dtd">
<html xmlns="http://www.w3.org/1999/xhtml" xml:lang="en" lang="en">
 <head>
  <title>
</title>
<meta http-equiv="Content-Type" content="text/html;charset=utf-8" />
  <meta name='ocr-system' content='tesseract 3.04.00' />
  <meta name='ocr-capabilities' content='ocr_page ocr_carea ocr_par ocr_line ocrx_word'/>
</head>
<body>
  <div class='ocr_page' id='page_1' title='image "./liberpontifical01baingoog_0256.png"; bbox 0 0 2940 4996; ppageno 0'>
   <div class='ocr_carea' id='block_1_1' title="bbox 580 443 1332 510">
    <p class='ocr_par' dir='ltr' id='par_1_1' title="bbox 580 443 1332 510">
     <span class='ocr_line' id='line_1_1' title="bbox 580 443 1332 510; baseline 0 -4"><span class='ocrx_word' id='word_1_1' title='bbox 580 445 623 508; x_wconf 90' lang='lat' dir='ltr'><em>In</em></span> <span class='ocrx_word' id='word_1_2' title='bbox 642 445 746 510; x_wconf 78' lang='lat' dir='ltr'><em>Ooena</em></span> <span class='ocrx_word' id='word_1_3' title='bbox 762 445 912 509; x_wconf 85' lang='lat' dir='ltr'><em>Domini.</em></span> <span class='ocrx_word' id='word_1_4' title='bbox 1263 443 1332 506; x_wconf 85' lang='lat'><em>203</em></span> 
     </span>
    </p>
   </div>
   <div class='ocr_carea' id='block_1_2' title="bbox 166 633 1333 1075">
    <p class='ocr_par' dir='ltr' id='par_1_2' title="bbox 166 633 1333 1075">
     <span class='ocr_line' id='line_1_2' title="bbox 169 633 1333 712; baseline 0.003 -24"><span class='ocrx_word' id='word_1_5' title='bbox 169 640 326 708; x_wconf 72' lang='lat' dir='ltr'><em>peraqatur</em></span> <span class='ocrx_word' id='word_1_6' title='bbox 345 633 432 690; x_wconf 78' lang='lat' dir='ltr'><em>inissa</em></span> <span class='ocrx_word' id='word_1_7' title='bbox 453 653 539 710; x_wconf 85' lang='lat' dir='ltr'><em>usque</em></span> <span class='ocrx_word' id='word_1_8' title='bbox 559 655 613 712; x_wconf 78' lang='lat' dir='ltr'><em>qao</em></span> <span class='ocrx_word' id='word_1_9' title='bbox 629 637 818 712; x_wconf 79' lang='lat' dir='ltr'><em>perveniatur</em></span> <span class='ocrx_word' id='word_1_10' title='bbox 840 637 855 674; x_wconf 69' lang='lat'><em>⁴*</em></span> <span class='ocrx_word' id='word_1_11' title='bbox 876 636 916 693; x_wconf 93' lang='lat' dir='ltr'><em>ad</em></span> <span class='ocrx_word' id='word_1_12' title='bbox 937 636 995 695; x_wconf 88' lang='lat' dir='ltr'><em>Per</em></span> <span class='ocrx_word' id='word_1_13' title='bbox 1015 637 1111 694; x_wconf 88' lang='lat' dir='ltr'><em>omnia</em></span> <span class='ocrx_word' id='word_1_14' title='bbox 1131 634 1246 708; x_wconf 83' lang='lat' dir='ltr'><em>saecula,</em></span> <span class='ocrx_word' id='word_1_15' title='bbox 1268 643 1333 692; x_wconf 88' lang='lat' dir='ltr'><em>ante</em></span> 
     </span>
     <span class='ocr_line' id='line_1_3' title="bbox 170 727 1332 809; baseline 0.002 -24"><span class='ocrx_word' id='word_1_16' title='bbox 170 727 233 785; x_wconf 85' lang='lat' dir='ltr'><em>Pax</em></span> <span class='ocrx_word' id='word_1_17' title='bbox 248 728 379 786; x_wconf 86' lang='lat' dir='ltr'><strong>Domini.</strong></span> <span class='ocrx_word' id='word_1_18' title='bbox 421 729 502 787; x_wconf 81' lang='lat' dir='ltr'><em>Tunc</em></span> <span class='ocrx_word' id='word_1_19' title='bbox 515 731 652 788; x_wconf 86' lang='lat' dir='ltr'><em>secundas</em></span> <span class='ocrx_word' id='word_1_20' title='bbox 666 732 780 789; x_wconf 77' lang='lat' dir='ltr'><strong><em>accedat</em></strong></span> <span class='ocrx_word' id='word_1_21' title='bbox 798 733 946 805; x_wconf 87' lang='lat' dir='ltr'><em>diaconus,</em></span> <span class='ocrx_word' id='word_1_22' title='bbox 961 732 1121 809; x_wconf 76' lang='lat' dir='ltr'><em>ampullam</em></span> <span class='ocrx_word' id='word_1_23' title='bbox 1135 751 1200 790; x_wconf 91' lang='lat' dir='ltr'><em>cum</em></span> <span class='ocrx_word' id='word_1_24' title='bbox 1213 731 1271 788; x_wconf 82' lang='lat' dir='ltr'><em>oleo</em></span> <span class='ocrx_word' id='word_1_25' title='bbox 1292 730 1332 788; x_wconf 89' lang='lat' dir='ltr'><em>ad</em></span> 
     </span>
     <span class='ocr_line' id='line_1_4' title="bbox 166 822 1329 905; baseline 0.003 -26"><span class='ocrx_word' id='word_1_26' title='bbox 166 822 370 900; x_wconf 78' lang='lat' dir='ltr'><em>baptizandum</em></span> <span class='ocrx_word' id='word_1_27' title='bbox 390 824 522 898; x_wconf 68' lang='lat' dir='ltr'><em>deserens,</em></span> <span class='ocrx_word' id='word_1_28' title='bbox 544 846 735 904; x_wconf 78' lang='lat' dir='ltr'><em>superquam</em></span> <span class='ocrx_word' id='word_1_29' title='bbox 756 828 900 905; x_wconf 79' lang='lat' dir='ltr'><em>episcopus</em></span> <span class='ocrx_word' id='word_1_30' title='bbox 921 836 962 886; x_wconf 83' lang='lat' dir='ltr'><em>ter</em></span> <span class='ocrx_word' id='word_1_31' title='bbox 982 829 1096 903; x_wconf 76' lang='lat' dir='ltr'><em>sipnum</em></span> <span class='ocrx_word' id='word_1_32' title='bbox 1116 827 1208 886; x_wconf 83' lang='lat' dir='ltr'><em>crucis</em></span> <span class='ocrx_word' id='word_1_33' title='bbox 1221 826 1329 904; x_wconf 75' lang='lat' dir='ltr'><em>faciat,</em></span> 
     </span>
     <span class='ocr_line' id='line_1_5' title="bbox 167 919 1330 1001; baseline 0.003 -26"><span class='ocrx_word' id='word_1_34' title='bbox 167 925 260 994; x_wconf 81' lang='lat' dir='ltr'><em>terque</em></span> <span class='ocrx_word' id='word_1_35' title='bbox 280 919 314 977; x_wconf 89' lang='lat' dir='ltr'><em>in</em></span> <span class='ocrx_word' id='word_1_36' title='bbox 335 940 368 977; x_wconf 90' lang='lat' dir='ltr'><em>ea</em></span> <span class='ocrx_word' id='word_1_37' title='bbox 388 921 513 996; x_wconf 84' lang='lat' dir='ltr'><em>sufflans,</em></span> <span class='ocrx_word' id='word_1_38' title='bbox 536 921 721 981; x_wconf 75' lang='lat' dir='ltr'><em>exorcismum</em></span> <span class='ocrx_word' id='word_1_39' title='bbox 745 923 801 981; x_wconf 86' lang='lat' dir='ltr'><em>otei</em></span> <span class='ocrx_word' id='word_1_40' title='bbox 823 924 863 984; x_wconf 92' lang='lat' dir='ltr'><em>od</em></span> <span class='ocrx_word' id='word_1_41' title='bbox 887 923 1090 1001; x_wconf 80' lang='lat' dir='ltr'><em>baptizandum</em></span> <span class='ocrx_word' id='word_1_42' title='bbox 1109 923 1256 1001; x_wconf 78' lang='lat' dir='ltr'><em>perficiat,</em></span> <span class='ocrx_word' id='word_1_43' title='bbox 1279 923 1330 999; x_wconf 79' lang='lat' dir='ltr'><em>qui</em></span> 
     </span>
     <span class='ocr_line' id='line_1_6' title="bbox 167 1014 1065 1075; baseline 0.004 -4"><span class='ocrx_word' id='word_1_44' title='bbox 167 1014 353 1073; x_wconf 76' lang='lat' dir='ltr'><em>circumstant</em></span> <span class='ocrx_word' id='word_1_45' title='bbox 367 1023 480 1073; x_wconf 90' lang='lat' dir='ltr'><em>tantam</em></span> <span class='ocrx_word' id='word_1_46' title='bbox 494 1016 685 1075; x_wconf 72' lang='lat' dir='ltr'><em>audientibus.</em></span> <span class='ocrx_word' id='word_1_47' title='bbox 1063 1033 1065 1040; x_wconf 87' lang='grc'><strong>’</strong></span> 
     </span>
    </p>
   </div>
   <div class='ocr_carea' id='block_1_3' title="bbox 160 1111 1328 2538">
    <p class='ocr_par' dir='ltr' id='par_1_3' title="bbox 160 1111 1328 2538">
     <span class='ocr_line' id='line_1_7' title="bbox 209 1111 1326 1198; baseline 0.002 -26"><span class='ocrx_word' id='word_1_48' title='bbox 209 1111 446 1175; x_wconf 83' lang='lat' dir='ltr'><em>Euorcismus.</em></span> <span class='ocrx_word' id='word_1_49' title='bbox 491 1111 653 1175; x_wconf 85' lang='lat' dir='ltr'><em>Exorcizo</em></span> <span class='ocrx_word' id='word_1_50' title='bbox 676 1116 720 1188; x_wconf 91' lang='lat' dir='ltr'><em>te,</em></span> <span class='ocrx_word' id='word_1_51' title='bbox 737 1118 891 1178; x_wconf 87' lang='lat' dir='ltr'><em>creatura</em></span> <span class='ocrx_word' id='word_1_52' title='bbox 913 1113 987 1188; x_wconf 87' lang='lat' dir='ltr'><em>olei,</em></span> <span class='ocrx_word' id='word_1_53' title='bbox 1004 1113 1040 1175; x_wconf 93' lang='lat' dir='ltr'><em>in</em></span> <span class='ocrx_word' id='word_1_54' title='bbox 1063 1112 1236 1198; x_wconf 59' lang='lat' dir='ltr'><em>nofflmine</em></span> <span class='ocrx_word' id='word_1_55' title='bbox 1259 1112 1326 1175; x_wconf 90' lang='lat' dir='ltr'><em>Dei</em></span> 
     </span>
     <span class='ocr_line' id='line_1_8' title="bbox 165 1213 1328 1302; baseline 0.002 -27"><span class='ocrx_word' id='word_1_56' title='bbox 165 1213 277 1276; x_wconf 87' lang='lat' dir='ltr'><em>Patris</em></span> <span class='ocrx_word' id='word_1_57' title='bbox 312 1215 560 1299; x_wconf 89' lang='lat' dir='ltr'><em>omnipotentis,</em></span> <span class='ocrx_word' id='word_1_58' title='bbox 591 1237 630 1279; x_wconf 88' lang='lat' dir='ltr'><em>ac</em></span> <span class='ocrx_word' id='word_1_59' title='bbox 659 1217 907 1302; x_wconf 60' lang='lat' dir='ltr'><em>invofflcatione</em></span> <span class='ocrx_word' id='word_1_60' title='bbox 941 1216 1024 1280; x_wconf 85' lang='lat' dir='ltr'><em>Jesu</em></span> <span class='ocrx_word' id='word_1_61' title='bbox 1055 1215 1198 1291; x_wconf 80' lang='lat' dir='ltr'><em>Christe,</em></span> <span class='ocrx_word' id='word_1_62' title='bbox 1230 1221 1265 1280; x_wconf 85' lang='lat' dir='ltr'><em>et</em></span> <span class='ocrx_word' id='word_1_63' title='bbox 1294 1215 1328 1278; x_wconf 89' lang='lat' dir='ltr'><em>in</em></span> 
     </span>
     <span class='ocr_line' id='line_1_9' title="bbox 166 1315 1326 1402; baseline 0.005 -25"><span class='ocrx_word' id='word_1_64' title='bbox 166 1315 331 1400; x_wconf 62' lang='lat' dir='ltr'><em>virffltute</em></span> <span class='ocrx_word' id='word_1_65' title='bbox 345 1317 489 1402; x_wconf 81' lang='lat' dir='ltr'><em>Spiritus</em></span> <span class='ocrx_word' id='word_1_66' title='bbox 506 1319 630 1395; x_wconf 80' lang='lat' dir='ltr'><em>Sancti,</em></span> <span class='ocrx_word' id='word_1_67' title='bbox 643 1323 681 1382; x_wconf 92' lang='lat' dir='ltr'><em>ut</em></span> <span class='ocrx_word' id='word_1_68' title='bbox 696 1319 759 1383; x_wconf 89' lang='lat' dir='ltr'><em>hac</em></span> <span class='ocrx_word' id='word_1_69' title='bbox 774 1319 984 1402; x_wconf 87' lang='lat' dir='ltr'><em>adjuratione</em></span> <span class='ocrx_word' id='word_1_70' title='bbox 998 1340 1132 1383; x_wconf 84' lang='lat' dir='ltr'><em>summae</em></span> <span class='ocrx_word' id='word_1_71' title='bbox 1149 1319 1326 1383; x_wconf 84' lang='lat' dir='ltr'><em>Trinitatis</em></span> 
     </span>
     <span class='ocr_line' id='line_1_10' title="bbox 166 1420 1328 1507; baseline 0.002 -24"><span class='ocrx_word' id='word_1_72' title='bbox 166 1425 201 1484; x_wconf 90' lang='lat' dir='ltr'><em>et</em></span> <span class='ocrx_word' id='word_1_73' title='bbox 214 1420 317 1484; x_wconf 86' lang='lat' dir='ltr'><em>unicae</em></span> <span class='ocrx_word' id='word_1_74' title='bbox 333 1421 491 1499; x_wconf 81' lang='lat' dir='ltr'><em>Deitatis,</em></span> <span class='ocrx_word' id='word_1_75' title='bbox 508 1423 615 1487; x_wconf 88' lang='lat' dir='ltr'><em>omnis</em></span> <span class='ocrx_word' id='word_1_76' title='bbox 638 1423 843 1507; x_wconf 89' lang='lat' dir='ltr'><em>nequissima</em></span> <span class='ocrx_word' id='word_1_77' title='bbox 866 1424 974 1487; x_wconf 84' lang='lat' dir='ltr'><em>virtus</em></span> <span class='ocrx_word' id='word_1_78' title='bbox 991 1428 1025 1487; x_wconf 90' lang='lat' dir='ltr'><em>et</em></span> <span class='ocrx_word' id='word_1_79' title='bbox 1047 1423 1177 1488; x_wconf 86' lang='lat' dir='ltr'><em>malitia</em></span> <span class='ocrx_word' id='word_1_80' title='bbox 1192 1422 1328 1501; x_wconf 89' lang='lat' dir='ltr'><em>diaboli,</em></span> 
     </span>
     <span class='ocr_line' id='line_1_11' title="bbox 166 1526 1324 1613; baseline 0.003 -26"><span class='ocrx_word' id='word_1_81' title='bbox 166 1526 339 1609; x_wconf 89' lang='lat' dir='ltr'><em>omnisque</em></span> <span class='ocrx_word' id='word_1_82' title='bbox 355 1527 503 1592; x_wconf 87' lang='lat' dir='ltr'><em>violenta</em></span> <span class='ocrx_word' id='word_1_83' title='bbox 523 1529 668 1592; x_wconf 92' lang='lat' dir='ltr'><em>incursio</em></span> <span class='ocrx_word' id='word_1_84' title='bbox 684 1533 719 1592; x_wconf 90' lang='lat' dir='ltr'><em>et</em></span> <span class='ocrx_word' id='word_1_85' title='bbox 733 1529 885 1592; x_wconf 88' lang='lat' dir='ltr'><em>nocivum</em></span> <span class='ocrx_word' id='word_1_86' title='bbox 900 1529 1102 1613; x_wconf 88' lang='lat' dir='ltr'><em>phantasma</em></span> <span class='ocrx_word' id='word_1_87' title='bbox 1116 1527 1324 1592; x_wconf 90' lang='lat' dir='ltr'><em>inimicorum</em></span> 
     </span>
     <span class='ocr_line' id='line_1_12' title="bbox 164 1629 1323 1715; baseline 0.003 -24"><span class='ocrx_word' id='word_1_88' title='bbox 164 1649 186 1691; x_wconf 87' lang='lat' dir='ltr'><em>a</em></span> <span class='ocrx_word' id='word_1_89' title='bbox 207 1633 242 1692; x_wconf 85' lang='lat' dir='ltr'><em>te</em></span> <span class='ocrx_word' id='word_1_90' title='bbox 265 1629 453 1694; x_wconf 84' lang='lat' dir='ltr'><em>eradicetur</em></span> <span class='ocrx_word' id='word_1_91' title='bbox 475 1635 510 1694; x_wconf 90' lang='lat' dir='ltr'><em>et</em></span> <span class='ocrx_word' id='word_1_92' title='bbox 532 1632 708 1715; x_wconf 84' lang='lat' dir='ltr'><em>effugetur,</em></span> <span class='ocrx_word' id='word_1_93' title='bbox 731 1653 769 1695; x_wconf 92' lang='lat' dir='ltr'><em>ac</em></span> <span class='ocrx_word' id='word_1_94' title='bbox 791 1631 926 1715; x_wconf 91' lang='lat' dir='ltr'><em>penitus</em></span> <span class='ocrx_word' id='word_1_95' title='bbox 948 1630 1098 1695; x_wconf 88' lang='lat' dir='ltr'><em>discedat</em></span> <span class='ocrx_word' id='word_1_96' title='bbox 1125 1652 1146 1694; x_wconf 91' lang='lat' dir='ltr'><em>a</em></span> <span class='ocrx_word' id='word_1_97' title='bbox 1168 1636 1323 1694; x_wconf 89' lang='lat' dir='ltr'><em>creatura</em></span> 
     </span>
     <span class='ocr_line' id='line_1_13' title="bbox 164 1732 1323 1818; baseline -0.001 -23"><span class='ocrx_word' id='word_1_98' title='bbox 164 1737 224 1795; x_wconf 90' lang='lat' dir='ltr'><em>tua</em></span> <span class='ocrx_word' id='word_1_99' title='bbox 239 1732 281 1795; x_wconf 89' lang='lat' dir='ltr'><em>ad</em></span> <span class='ocrx_word' id='word_1_100' title='bbox 304 1733 486 1799; x_wconf 84' lang='lat' dir='ltr'><em>utilitatem</em></span> <span class='ocrx_word' id='word_1_101' title='bbox 508 1733 678 1796; x_wconf 91' lang='lat' dir='ltr'><em>hominum</em></span> <span class='ocrx_word' id='word_1_102' title='bbox 701 1738 906 1818; x_wconf 80' lang='lat' dir='ltr'><em>praeparata3</em></span> <span class='ocrx_word' id='word_1_103' title='bbox 930 1739 967 1797; x_wconf 94' lang='lat' dir='ltr'><em>ut</em></span> <span class='ocrx_word' id='word_1_104' title='bbox 983 1734 1016 1797; x_wconf 92' lang='lat' dir='ltr'><em>in</em></span> <span class='ocrx_word' id='word_1_105' title='bbox 1040 1733 1172 1797; x_wconf 89' lang='lat' dir='ltr'><em>nomine</em></span> <span class='ocrx_word' id='word_1_106' title='bbox 1187 1733 1323 1797; x_wconf 88' lang='lat' dir='ltr'><em>Domini</em></span> 
     </span>
     <span class='ocr_line' id='line_1_14' title="bbox 163 1835 1324 1921; baseline 0.002 -24"><span class='ocrx_word' id='word_1_107' title='bbox 163 1837 225 1898; x_wconf 86' lang='lat' dir='ltr'><em>tias</em></span> <span class='ocrx_word' id='word_1_108' title='bbox 241 1835 351 1898; x_wconf 89' lang='lat' dir='ltr'><em>oleum</em></span> <span class='ocrx_word' id='word_1_109' title='bbox 368 1842 529 1913; x_wconf 87' lang='lat' dir='ltr'><em>sanctum,</em></span> <span class='ocrx_word' id='word_1_110' title='bbox 545 1838 659 1901; x_wconf 92' lang='lat' dir='ltr'><em>unctio</em></span> <span class='ocrx_word' id='word_1_111' title='bbox 680 1837 849 1913; x_wconf 89' lang='lat' dir='ltr'><em>salutaris,</em></span> <span class='ocrx_word' id='word_1_112' title='bbox 866 1837 1041 1919; x_wconf 88' lang='lat' dir='ltr'><em>purificata</em></span> <span class='ocrx_word' id='word_1_113' title='bbox 1058 1858 1187 1921; x_wconf 92' lang='lat' dir='ltr'><em>quoque</em></span> <span class='ocrx_word' id='word_1_114' title='bbox 1202 1836 1324 1899; x_wconf 87' lang='lat' dir='ltr'><em>divinis</em></span> 
     </span>
     <span class='ocr_line' id='line_1_15' title="bbox 164 1940 1322 2025; baseline 0.003 -24"><span class='ocrx_word' id='word_1_115' title='bbox 164 1941 382 2004; x_wconf 87' lang='lat' dir='ltr'><em>sacramentis</em></span> <span class='ocrx_word' id='word_1_116' title='bbox 404 1942 437 2004; x_wconf 93' lang='lat' dir='ltr'><em>in</em></span> <span class='ocrx_word' id='word_1_117' title='bbox 466 1941 762 2005; x_wconf 87' lang='lat' dir='ltr'><em>sanctificationem</em></span> <span class='ocrx_word' id='word_1_118' title='bbox 790 1941 899 2005; x_wconf 89' lang='lat' dir='ltr'><em>carnis</em></span> <span class='ocrx_word' id='word_1_119' title='bbox 922 1963 961 2005; x_wconf 92' lang='lat' dir='ltr'><em>ac</em></span> <span class='ocrx_word' id='word_1_120' title='bbox 988 1942 1126 2025; x_wconf 88' lang='lat' dir='ltr'><em>spiritus</em></span> <span class='ocrx_word' id='word_1_121' title='bbox 1150 1945 1185 2004; x_wconf 93' lang='lat' dir='ltr'><em>et</em></span> <span class='ocrx_word' id='word_1_122' title='bbox 1210 1940 1245 2002; x_wconf 89' lang='lat' dir='ltr'><em>in</em></span> <span class='ocrx_word' id='word_1_123' title='bbox 1271 1960 1322 2004; x_wconf 79' lang='lat' dir='ltr'><em>re-</em></span> 
     </span>
     <span class='ocr_line' id='line_1_16' title="bbox 162 2040 1324 2129; baseline 0.003 -27"><span class='ocrx_word' id='word_1_124' title='bbox 162 2040 354 2107; x_wconf 88' lang='lat' dir='ltr'><em>missionem</em></span> <span class='ocrx_word' id='word_1_125' title='bbox 378 2045 525 2107; x_wconf 91' lang='lat' dir='ltr'><em>omnium</em></span> <span class='ocrx_word' id='word_1_126' title='bbox 552 2049 761 2129; x_wconf 89' lang='lat' dir='ltr'><em>peccatorum</em></span> <span class='ocrx_word' id='word_1_127' title='bbox 784 2043 950 2107; x_wconf 85' lang='lat' dir='ltr'><em>universis</em></span> <span class='ocrx_word' id='word_1_128' title='bbox 972 2044 1029 2127; x_wconf 91' lang='lat' dir='ltr'><em>qui</em></span> <span class='ocrx_word' id='word_1_129' title='bbox 1057 2063 1097 2105; x_wconf 88' lang='lat' dir='ltr'><em>ex</em></span> <span class='ocrx_word' id='word_1_130' title='bbox 1121 2046 1155 2105; x_wconf 92' lang='lat' dir='ltr'><em>te</em></span> <span class='ocrx_word' id='word_1_131' title='bbox 1179 2041 1324 2125; x_wconf 86' lang='lat' dir='ltr'><em>ungendi</em></span> 
     </span>
     <span class='ocr_line' id='line_1_17' title="bbox 162 2145 1323 2232; baseline 0.002 -25"><span class='ocrx_word' id='word_1_132' title='bbox 162 2148 251 2220; x_wconf 89' lang='lat' dir='ltr'><em>sunt,</em></span> <span class='ocrx_word' id='word_1_133' title='bbox 268 2152 434 2228; x_wconf 88' lang='lat' dir='ltr'><em>quatenus</em></span> <span class='ocrx_word' id='word_1_134' title='bbox 450 2147 492 2211; x_wconf 92' lang='lat' dir='ltr'><em>ad</em></span> <span class='ocrx_word' id='word_1_135' title='bbox 514 2146 758 2232; x_wconf 87' lang='lat' dir='ltr'><em>percipiendam</em></span> <span class='ocrx_word' id='word_1_136' title='bbox 774 2147 806 2209; x_wconf 92' lang='lat' dir='ltr'><em>in</em></span> <span class='ocrx_word' id='word_1_137' title='bbox 828 2147 994 2231; x_wconf 89' lang='lat' dir='ltr'><em>baptismo</em></span> <span class='ocrx_word' id='word_1_138' title='bbox 1016 2147 1163 2231; x_wconf 84' lang='lat' dir='ltr'><em>gratiam</em></span> <span class='ocrx_word' id='word_1_139' title='bbox 1180 2145 1323 2228; x_wconf 85' lang='lat' dir='ltr'><em>Spiritus</em></span> 
     </span>
     <span class='ocr_line' id='line_1_18' title="bbox 163 2247 1324 2334; baseline -0.002 -23"><span class='ocrx_word' id='word_1_140' title='bbox 163 2247 289 2325; x_wconf 87' lang='lat' dir='ltr'><em>Sancti,</em></span> <span class='ocrx_word' id='word_1_141' title='bbox 306 2250 393 2314; x_wconf 90' lang='lat' dir='ltr'><em>sicut</em></span> <span class='ocrx_word' id='word_1_142' title='bbox 407 2251 552 2314; x_wconf 92' lang='lat' dir='ltr'><em>omnium</em></span> <span class='ocrx_word' id='word_1_143' title='bbox 575 2252 723 2315; x_wconf 87' lang='lat' dir='ltr'><em>exterius</em></span> <span class='ocrx_word' id='word_1_144' title='bbox 746 2254 881 2334; x_wconf 89' lang='lat' dir='ltr'><em>pectora</em></span> <span class='ocrx_word' id='word_1_145' title='bbox 904 2254 939 2313; x_wconf 89' lang='lat' dir='ltr'><em>et</em></span> <span class='ocrx_word' id='word_1_146' title='bbox 962 2249 1104 2333; x_wconf 85' lang='lat' dir='ltr'><em>scapulae</em></span> <span class='ocrx_word' id='word_1_147' title='bbox 1128 2249 1324 2311; x_wconf 87' lang='lat' dir='ltr'><em>confirman-</em></span> 
     </span>
     <span class='ocr_line' id='line_1_19' title="bbox 160 2349 1321 2437; baseline -0.002 -23"><span class='ocrx_word' id='word_1_148' title='bbox 160 2357 227 2426; x_wconf 90' lang='lat' dir='ltr'><em>tur,</em></span> <span class='ocrx_word' id='word_1_149' title='bbox 250 2351 300 2416; x_wconf 90' lang='lat' dir='ltr'><em>ita</em></span> <span class='ocrx_word' id='word_1_150' title='bbox 326 2358 361 2416; x_wconf 88' lang='lat' dir='ltr'><em>et</em></span> <span class='ocrx_word' id='word_1_151' title='bbox 382 2353 523 2416; x_wconf 89' lang='lat' dir='ltr'><em>interius</em></span> <span class='ocrx_word' id='word_1_152' title='bbox 545 2373 605 2437; x_wconf 92' lang='lat' dir='ltr'><em>per</em></span> <span class='ocrx_word' id='word_1_153' title='bbox 627 2358 660 2416; x_wconf 86' lang='lat' dir='ltr'><em>te</em></span> <span class='ocrx_word' id='word_1_154' title='bbox 687 2357 817 2416; x_wconf 89' lang='lat' dir='ltr'><em>mentes</em></span> <span class='ocrx_word' id='word_1_155' title='bbox 841 2356 875 2415; x_wconf 91' lang='lat' dir='ltr'><em>et</em></span> <span class='ocrx_word' id='word_1_156' title='bbox 901 2351 1017 2415; x_wconf 86' lang='lat' dir='ltr'><em>animae</em></span> <span class='ocrx_word' id='word_1_157' title='bbox 1044 2349 1170 2414; x_wconf 74' lang='lat' dir='ltr'><em>calesti</em></span> <span class='ocrx_word' id='word_1_158' title='bbox 1196 2349 1321 2428; x_wconf 50' lang='lat' dir='ltr'><em>bened&lt;</em></span> 
     </span>
     <span class='ocr_line' id='line_1_20' title="bbox 160 2453 1319 2538; baseline -0.002 -22"><span class='ocrx_word' id='word_1_159' title='bbox 160 2454 305 2517; x_wconf 90' lang='lat' dir='ltr'><em>dictione</em></span> <span class='ocrx_word' id='word_1_160' title='bbox 321 2455 580 2531; x_wconf 88' lang='lat' dir='ltr'><em>sanctificentur,</em></span> <span class='ocrx_word' id='word_1_161' title='bbox 596 2455 630 2519; x_wconf 92' lang='lat' dir='ltr'><em>in</em></span> <span class='ocrx_word' id='word_1_162' title='bbox 646 2455 776 2518; x_wconf 89' lang='lat' dir='ltr'><em>nomine</em></span> <span class='ocrx_word' id='word_1_163' title='bbox 793 2455 914 2529; x_wconf 89' lang='lat' dir='ltr'><em>Patris,</em></span> <span class='ocrx_word' id='word_1_164' title='bbox 930 2453 1007 2517; x_wconf 87' lang='lat' dir='ltr'><em>Filii</em></span> <span class='ocrx_word' id='word_1_165' title='bbox 1032 2460 1132 2538; x_wconf 90' lang='lat' dir='ltr'><em>atque</em></span> <span class='ocrx_word' id='word_1_166' title='bbox 1147 2454 1319 2517; x_wconf 86' lang='lat' dir='ltr'><em>amborum</em></span> 
     </span>
    </p>
   </div>
   <div class='ocr_carea' id='block_1_4' title="bbox 162 2554 1007 2747">
    <p class='ocr_par' dir='ltr' id='par_1_4' title="bbox 162 2554 1007 2747">
     <span class='ocr_line' id='line_1_21' title="bbox 162 2554 1007 2641; baseline 0.002 -23"><span class='ocrx_word' id='word_1_167' title='bbox 162 2554 308 2640; x_wconf 87' lang='lat' dir='ltr'><em>Spiritus</em></span> <span class='ocrx_word' id='word_1_168' title='bbox 325 2557 449 2634; x_wconf 87' lang='lat' dir='ltr'><em>Sancti,</em></span> <span class='ocrx_word' id='word_1_169' title='bbox 466 2579 526 2641; x_wconf 90' lang='lat' dir='ltr'><em>per</em></span> <span class='ocrx_word' id='word_1_170' title='bbox 541 2558 651 2622; x_wconf 92' lang='lat' dir='ltr'><em>omnia</em></span> <span class='ocrx_word' id='word_1_171' title='bbox 667 2557 787 2622; x_wconf 86' lang='lat' dir='ltr'><em>saecula</em></span> <span class='ocrx_word' id='word_1_172' title='bbox 803 2556 1007 2622; x_wconf 83' lang='lat' dir='ltr'><em>saeculorum.</em></span> 
     </span>
     <span class='ocr_line' id='line_1_22' title="bbox 204 2659 892 2747; baseline 0.001 -31"><span class='ocrx_word' id='word_1_173' title='bbox 204 2659 314 2718; x_wconf 82' lang='lat' dir='ltr'><em>Deinde</em></span> <span class='ocrx_word' id='word_1_174' title='bbox 329 2660 474 2747; x_wconf 79' lang='lat' dir='ltr'><em>episcopus</em></span> <span class='ocrx_word' id='word_1_175' title='bbox 489 2660 633 2718; x_wconf 85' lang='lat' dir='ltr'><em>benedicat</em></span> <span class='ocrx_word' id='word_1_176' title='bbox 646 2660 748 2732; x_wconf 85' lang='lat' dir='ltr'><em>oleum,</em></span> <span class='ocrx_word' id='word_1_177' title='bbox 765 2668 791 2718; x_wconf 91' lang='lat' dir='ltr'><em>et</em></span> <span class='ocrx_word' id='word_1_178' title='bbox 804 2661 892 2718; x_wconf 90' lang='lat' dir='ltr'><em>dicat.</em></span> 
     </span>
    </p>
   </div>
   <div class='ocr_carea' id='block_1_5' title="bbox 156 2756 1320 4282">
    <p class='ocr_par' dir='ltr' id='par_1_5' title="bbox 204 2756 564 2820">
     <span class='ocr_line' id='line_1_23' title="bbox 204 2756 564 2820; baseline 0 0"><span class='ocrx_word' id='word_1_179' title='bbox 204 2756 368 2820; x_wconf 91' lang='lat' dir='ltr'><em>Dominus</em></span> <span class='ocrx_word' id='word_1_180' title='bbox 384 2756 564 2820; x_wconf 87' lang='lat' dir='ltr'><em>vobiscum.</em></span> 
     </span>
    </p>

    <p class='ocr_par' dir='ltr' id='par_1_6' title="bbox 205 2859 576 2943">
     <span class='ocr_line' id='line_1_24' title="bbox 205 2859 576 2943; baseline 0 -21"><span class='ocrx_word' id='word_1_181' title='bbox 205 2860 341 2923; x_wconf 89' lang='lat' dir='ltr'><em>Etcum</em></span> <span class='ocrx_word' id='word_1_182' title='bbox 359 2859 479 2943; x_wconf 91' lang='lat' dir='ltr'><em>spiritu</em></span> <span class='ocrx_word' id='word_1_183' title='bbox 494 2864 576 2923; x_wconf 46' lang='lat' dir='ltr'><em>tuor</em></span> 
     </span>
    </p>

    <p class='ocr_par' dir='ltr' id='par_1_7' title="bbox 205 2963 356 3025">
     <span class='ocr_line' id='line_1_25' title="bbox 205 2963 356 3025; baseline -0.007 0"><span class='ocrx_word' id='word_1_184' title='bbox 205 2963 356 3025; x_wconf 90' lang='lat' dir='ltr'><em>Oremus.</em></span> 
     </span>
    </p>

    <p class='ocr_par' dir='ltr' id='par_1_8' title="bbox 156 3062 1320 4282">
     <span class='ocr_line' id='line_1_26' title="bbox 202 3062 1318 3149; baseline -0.001 -22"><span class='ocrx_word' id='word_1_185' title='bbox 202 3063 344 3127; x_wconf 90' lang='lat' dir='ltr'><em>Domine</em></span> <span class='ocrx_word' id='word_1_186' title='bbox 360 3063 462 3139; x_wconf 94' lang='lat' dir='ltr'><em>Deus,</em></span> <span class='ocrx_word' id='word_1_187' title='bbox 475 3064 577 3127; x_wconf 91' lang='lat' dir='ltr'><em>Pater</em></span> <span class='ocrx_word' id='word_1_188' title='bbox 592 3064 810 3149; x_wconf 85' lang='lat' dir='ltr'><em>omnipotens,</em></span> <span class='ocrx_word' id='word_1_189' title='bbox 823 3065 918 3147; x_wconf 86' lang='lat' dir='ltr'><em>eujus</em></span> <span class='ocrx_word' id='word_1_190' title='bbox 933 3063 1147 3149; x_wconf 86' lang='lat' dir='ltr'><em>Unigenitus,</em></span> <span class='ocrx_word' id='word_1_191' title='bbox 1159 3069 1197 3127; x_wconf 92' lang='lat' dir='ltr'><em>ut</em></span> <span class='ocrx_word' id='word_1_192' title='bbox 1212 3062 1318 3127; x_wconf 90' lang='lat' dir='ltr'><em>Dcum</em></span> 
     </span>
     <span class='ocr_line' id='line_1_27' title="bbox 161 3164 1320 3250; baseline -0.002 -20"><span class='ocrx_word' id='word_1_193' title='bbox 161 3188 196 3230; x_wconf 85' lang='lat' dir='ltr'><em>se</em></span> <span class='ocrx_word' id='word_1_194' title='bbox 210 3165 404 3229; x_wconf 90' lang='lat' dir='ltr'><em>ostenderet</em></span> <span class='ocrx_word' id='word_1_195' title='bbox 415 3165 507 3235; x_wconf 91' lang='lat' dir='ltr'><em>Deus</em></span> <span class='ocrx_word' id='word_1_196' title='bbox 519 3172 555 3230; x_wconf 88' lang='lat' dir='ltr'><em>et</em></span> <span class='ocrx_word' id='word_1_197' title='bbox 565 3167 676 3244; x_wconf 93' lang='lat' dir='ltr'><em>homo,</em></span> <span class='ocrx_word' id='word_1_198' title='bbox 689 3168 778 3231; x_wconf 89' lang='lat' dir='ltr'><em>inter</em></span> <span class='ocrx_word' id='word_1_199' title='bbox 793 3167 943 3230; x_wconf 87' lang='lat' dir='ltr'><em>homines</em></span> <span class='ocrx_word' id='word_1_200' title='bbox 956 3186 1097 3250; x_wconf 84' lang='lat' dir='ltr'><em>magnus</em></span> <span class='ocrx_word' id='word_1_201' title='bbox 1113 3170 1147 3229; x_wconf 91' lang='lat' dir='ltr'><em>et</em></span> <span class='ocrx_word' id='word_1_202' title='bbox 1158 3164 1320 3228; x_wconf 90' lang='lat' dir='ltr'><em>mirabilis</em></span> 
     </span>
     <span class='ocr_line' id='line_1_28' title="bbox 159 3269 1319 3355; baseline -0.003 -20"><span class='ocrx_word' id='word_1_203' title='bbox 159 3270 293 3345; x_wconf 90' lang='lat' dir='ltr'><em>claruit,</em></span> <span class='ocrx_word' id='word_1_204' title='bbox 309 3275 347 3333; x_wconf 90' lang='lat' dir='ltr'><em>ut</em></span> <span class='ocrx_word' id='word_1_205' title='bbox 362 3291 423 3333; x_wconf 91' lang='lat' dir='ltr'><em>nos</em></span> <span class='ocrx_word' id='word_1_206' title='bbox 439 3290 506 3333; x_wconf 84' lang='lat' dir='ltr'><em>suae</em></span> <span class='ocrx_word' id='word_1_207' title='bbox 522 3270 746 3335; x_wconf 90' lang='lat' dir='ltr'><em>miserationis</em></span> <span class='ocrx_word' id='word_1_208' title='bbox 761 3271 970 3355; x_wconf 88' lang='lat' dir='ltr'><em>providentia</em></span> <span class='ocrx_word' id='word_1_209' title='bbox 982 3272 1023 3335; x_wconf 92' lang='lat' dir='ltr'><em>ad</em></span> <span class='ocrx_word' id='word_1_210' title='bbox 1039 3290 1187 3353; x_wconf 83' lang='lat' dir='ltr'><em>praesens</em></span> <span class='ocrx_word' id='word_1_211' title='bbox 1202 3269 1319 3332; x_wconf 83' lang='lat' dir='ltr'><em>divinae</em></span> 
     </span>
     <span class='ocr_line' id='line_1_29' title="bbox 157 3371 1316 3458; baseline -0.002 -23"><span class='ocrx_word' id='word_1_212' title='bbox 157 3372 401 3458; x_wconf 87' lang='lat' dir='ltr'><em>prosecutionis</em></span> <span class='ocrx_word' id='word_1_213' title='bbox 415 3373 569 3438; x_wconf 87' lang='lat' dir='ltr'><em>incitavit</em></span> <span class='ocrx_word' id='word_1_214' title='bbox 590 3374 822 3449; x_wconf 90' lang='lat' dir='ltr'><em>ministerium,</em></span> <span class='ocrx_word' id='word_1_215' title='bbox 838 3373 894 3455; x_wconf 93' lang='lat' dir='ltr'><em>qui</em></span> <span class='ocrx_word' id='word_1_216' title='bbox 915 3377 948 3436; x_wconf 87' lang='lat' dir='ltr'><em>et</em></span> <span class='ocrx_word' id='word_1_217' title='bbox 972 3394 1032 3456; x_wconf 93' lang='lat' dir='ltr'><em>pro</em></span> <span class='ocrx_word' id='word_1_218' title='bbox 1056 3373 1151 3435; x_wconf 90' lang='lat' dir='ltr'><em>nohis</em></span> <span class='ocrx_word' id='word_1_219' title='bbox 1167 3371 1316 3456; x_wconf 84' lang='lat' dir='ltr'><em>crucifigi</em></span> 
     </span>
     <span class='ocr_line' id='line_1_30' title="bbox 157 3474 1316 3561; baseline -0.001 -23"><span class='ocrx_word' id='word_1_220' title='bbox 157 3476 275 3550; x_wconf 85' lang='lat' dir='ltr'><em>voluit,</em></span> <span class='ocrx_word' id='word_1_221' title='bbox 287 3479 325 3538; x_wconf 88' lang='lat' dir='ltr'><em>ut</em></span> <span class='ocrx_word' id='word_1_222' title='bbox 336 3475 497 3538; x_wconf 84' lang='lat' dir='ltr'><em>daemones</em></span> <span class='ocrx_word' id='word_1_223' title='bbox 510 3477 729 3561; x_wconf 84' lang='lat' dir='ltr'><em>crucifigeret,</em></span> <span class='ocrx_word' id='word_1_224' title='bbox 743 3481 777 3540; x_wconf 93' lang='lat' dir='ltr'><em>et</em></span> <span class='ocrx_word' id='word_1_225' title='bbox 788 3481 939 3540; x_wconf 85' lang='lat' dir='ltr'><em>mortuus</em></span> <span class='ocrx_word' id='word_1_226' title='bbox 951 3482 1101 3540; x_wconf 91' lang='lat' dir='ltr'><em>mortuos</em></span> <span class='ocrx_word' id='word_1_227' title='bbox 1113 3474 1316 3550; x_wconf 82' lang='lat' dir='ltr'><em>vivificaret3</em></span> 
     </span>
     <span class='ocr_line' id='line_1_31' title="bbox 158 3576 1317 3664; baseline -0.004 -21"><span class='ocrx_word' id='word_1_228' title='bbox 158 3601 218 3664; x_wconf 89' lang='lat' dir='ltr'><em>per</em></span> <span class='ocrx_word' id='word_1_229' title='bbox 233 3579 343 3662; x_wconf 91' lang='lat' dir='ltr'><em>ipsum</em></span> <span class='ocrx_word' id='word_1_230' title='bbox 358 3583 392 3642; x_wconf 86' lang='lat' dir='ltr'><em>te</em></span> <span class='ocrx_word' id='word_1_231' title='bbox 408 3579 541 3642; x_wconf 87' lang='lat' dir='ltr'><em>Patrem</em></span> <span class='ocrx_word' id='word_1_232' title='bbox 566 3579 836 3658; x_wconf 89' lang='lat' dir='ltr'><em>omnipotentem,</em></span> <span class='ocrx_word' id='word_1_233' title='bbox 855 3599 1052 3662; x_wconf 83' lang='lat' dir='ltr'><em>quaesumus,</em></span> <span class='ocrx_word' id='word_1_234' title='bbox 1069 3583 1108 3642; x_wconf 89' lang='lat' dir='ltr'><em>ut</em></span> <span class='ocrx_word' id='word_1_235' title='bbox 1129 3577 1192 3640; x_wconf 93' lang='lat' dir='ltr'><em>hoc</em></span> <span class='ocrx_word' id='word_1_236' title='bbox 1208 3576 1317 3640; x_wconf 91' lang='lat' dir='ltr'><em>oleum</em></span> 
     </span>
     <span class='ocr_line' id='line_1_32' title="bbox 158 3677 1317 3766; baseline -0.003 -20"><span class='ocrx_word' id='word_1_237' title='bbox 158 3677 387 3757; x_wconf 62' lang='lat' dir='ltr'><em>sanetifflfices</em></span> <span class='ocrx_word' id='word_1_238' title='bbox 417 3688 451 3745; x_wconf 89' lang='lat' dir='ltr'><em>et</em></span> <span class='ocrx_word' id='word_1_239' title='bbox 484 3681 713 3762; x_wconf 62' lang='lat' dir='ltr'><em>heneffldicas,</em></span> <span class='ocrx_word' id='word_1_240' title='bbox 745 3686 783 3744; x_wconf 92' lang='lat' dir='ltr'><em>ut</em></span> <span class='ocrx_word' id='word_1_241' title='bbox 817 3702 932 3745; x_wconf 89' lang='lat' dir='ltr'><em>omnes</em></span> <span class='ocrx_word' id='word_1_242' title='bbox 963 3682 1020 3766; x_wconf 90' lang='lat' dir='ltr'><em>qui</em></span> <span class='ocrx_word' id='word_1_243' title='bbox 1050 3681 1156 3765; x_wconf 86' lang='lat' dir='ltr'><em>ipsius</em></span> <span class='ocrx_word' id='word_1_244' title='bbox 1188 3679 1317 3762; x_wconf 90' lang='lat' dir='ltr'><em>liquore</em></span> 
     </span>
     <span class='ocr_line' id='line_1_33' title="bbox 159 3781 1317 3861; baseline -0.003 -12"><span class='ocrx_word' id='word_1_245' title='bbox 159 3785 300 3849; x_wconf 84' lang='lat' dir='ltr'><em>delibuti</em></span> <span class='ocrx_word' id='word_1_246' title='bbox 326 3785 449 3849; x_wconf 88' lang='lat' dir='ltr'><em>fuerint</em></span> <span class='ocrx_word' id='word_1_247' title='bbox 480 3785 719 3861; x_wconf 89' lang='lat' dir='ltr'><em>catechumeni,</em></span> <span class='ocrx_word' id='word_1_248' title='bbox 745 3781 1015 3861; x_wconf 62' lang='lat' dir='ltr'><em>beneffldictione</em></span> <span class='ocrx_word' id='word_1_249' title='bbox 1044 3782 1317 3848; x_wconf 87' lang='lat' dir='ltr'><em>sanctificationis</em></span> 
     </span>
     <span class='ocr_line' id='line_1_34' title="bbox 158 3887 1317 3972; baseline -0.002 -20"><span class='ocrx_word' id='word_1_250' title='bbox 158 3895 286 3952; x_wconf 86' lang='lat' dir='ltr'><em>aeternae</em></span> <span class='ocrx_word' id='word_1_251' title='bbox 305 3888 341 3950; x_wconf 93' lang='lat' dir='ltr'><em>in</em></span> <span class='ocrx_word' id='word_1_252' title='bbox 365 3893 571 3952; x_wconf 88' lang='lat' dir='ltr'><em>sacramento</em></span> <span class='ocrx_word' id='word_1_253' title='bbox 594 3887 806 3971; x_wconf 89' lang='lat' dir='ltr'><em>baptismatis</em></span> <span class='ocrx_word' id='word_1_254' title='bbox 828 3887 987 3964; x_wconf 87' lang='lat' dir='ltr'><em>ditentur,</em></span> <span class='ocrx_word' id='word_1_255' title='bbox 1004 3887 1157 3970; x_wconf 88' lang='lat' dir='ltr'><em>omnique</em></span> <span class='ocrx_word' id='word_1_256' title='bbox 1180 3887 1317 3972; x_wconf 85' lang='lat' dir='ltr'><em>pingue-</em></span> 
     </span>
     <span class='ocr_line' id='line_1_35' title="bbox 157 3990 1317 4069; baseline 0 -15"><span class='ocrx_word' id='word_1_257' title='bbox 157 3992 233 4054; x_wconf 88' lang='lat' dir='ltr'><em>dine</em></span> <span class='ocrx_word' id='word_1_258' title='bbox 249 3996 346 4054; x_wconf 86' lang='lat' dir='ltr'><em>terrae</em></span> <span class='ocrx_word' id='word_1_259' title='bbox 363 3997 397 4055; x_wconf 89' lang='lat' dir='ltr'><em>et</em></span> <span class='ocrx_word' id='word_1_260' title='bbox 411 4012 487 4055; x_wconf 90' lang='lat' dir='ltr'><em>rore</em></span> <span class='ocrx_word' id='word_1_261' title='bbox 511 3990 654 4055; x_wconf 85' lang='lat' dir='ltr'><em>coelestis</em></span> <span class='ocrx_word' id='word_1_262' title='bbox 670 3991 881 4056; x_wconf 85' lang='lat' dir='ltr'><em>abundantiae</em></span> <span class='ocrx_word' id='word_1_263' title='bbox 903 3990 1143 4054; x_wconf 89' lang='lat' dir='ltr'><em>foecundentur.</em></span> <span class='ocrx_word' id='word_1_264' title='bbox 1187 3991 1317 4069; x_wconf 77' lang='lat' dir='ltr'><em>Annus,</em></span> 
     </span>
     <span class='ocr_line' id='line_1_36' title="bbox 156 4093 1317 4180; baseline 0.002 -23"><span class='ocrx_word' id='word_1_265' title='bbox 156 4115 340 4178; x_wconf 89' lang='lat' dir='ltr'><em>precamur,</em></span> <span class='ocrx_word' id='word_1_266' title='bbox 353 4095 563 4179; x_wconf 88' lang='lat' dir='ltr'><em>omnipotens</em></span> <span class='ocrx_word' id='word_1_267' title='bbox 579 4094 690 4171; x_wconf 89' lang='lat' dir='ltr'><em>Pater,</em></span> <span class='ocrx_word' id='word_1_268' title='bbox 703 4100 741 4158; x_wconf 93' lang='lat' dir='ltr'><em>ut</em></span> <span class='ocrx_word' id='word_1_269' title='bbox 755 4096 823 4159; x_wconf 85' lang='lat' dir='ltr'><em>haec</em></span> <span class='ocrx_word' id='word_1_270' title='bbox 836 4094 1025 4180; x_wconf 88' lang='lat' dir='ltr'><em>deprecatio</em></span> <span class='ocrx_word' id='word_1_271' title='bbox 1042 4099 1076 4158; x_wconf 89' lang='lat' dir='ltr'><em>et</em></span> <span class='ocrx_word' id='word_1_272' title='bbox 1091 4093 1317 4173; x_wconf 63' lang='lat' dir='ltr'><em>benevltdietio</em></span> 
     </span>
     <span class='ocr_line' id='line_1_37' title="bbox 157 4198 1312 4282; baseline 0.003 -22"><span class='ocrx_word' id='word_1_273' title='bbox 157 4204 273 4261; x_wconf 89' lang='lat' dir='ltr'><em>nostra</em></span> <span class='ocrx_word' id='word_1_274' title='bbox 287 4219 347 4281; x_wconf 90' lang='lat' dir='ltr'><em>per</em></span> <span class='ocrx_word' id='word_1_275' title='bbox 370 4203 402 4261; x_wconf 90' lang='lat' dir='ltr'><em>te</em></span> <span class='ocrx_word' id='word_1_276' title='bbox 419 4200 515 4262; x_wconf 87' lang='lat' dir='ltr'><em>firma</em></span> <span class='ocrx_word' id='word_1_277' title='bbox 531 4204 565 4262; x_wconf 91' lang='lat' dir='ltr'><em>et</em></span> <span class='ocrx_word' id='word_1_278' title='bbox 587 4205 706 4282; x_wconf 89' lang='lat' dir='ltr'><em>potens</em></span> <span class='ocrx_word' id='word_1_279' title='bbox 723 4200 875 4263; x_wconf 88' lang='lat' dir='ltr'><em>omnibus</em></span> <span class='ocrx_word' id='word_1_280' title='bbox 898 4204 1091 4282; x_wconf 87' lang='lat' dir='ltr'><em>perseveret</em></span> <span class='ocrx_word' id='word_1_281' title='bbox 1106 4199 1147 4262; x_wconf 87' lang='lat' dir='ltr'><em>ad</em></span> <span class='ocrx_word' id='word_1_282' title='bbox 1171 4198 1312 4264; x_wconf 82' lang='lat' dir='ltr'><em>salutem</em></span> 
     </span>
    </p>
   </div>
   <div class='ocr_carea' id='block_1_6' title="bbox 160 4385 467 4453">
    <p class='ocr_par' dir='ltr' id='par_1_9' title="bbox 160 4385 467 4453">
     <span class='ocr_line' id='line_1_38' title="bbox 160 4385 467 4453; baseline 0.01 -17"><span class='ocrx_word' id='word_1_283' title='bbox 160 4385 174 4417; x_wconf 78' lang='lat'><em>*</em></span> <span class='ocrx_word' id='word_1_284' title='bbox 193 4386 308 4453; x_wconf 71' lang='lat' dir='ltr'><em>marytre,</em></span> <span class='ocrx_word' id='word_1_285' title='bbox 324 4385 467 4439; x_wconf 80' lang='lat' dir='ltr'><em>exclusivo.</em></span> 
     </span>
    </p>
   </div>
   <div class='ocr_carea' id='block_1_7' title="bbox 250 4474 312 4535">
    <p class='ocr_par' dir='ltr' id='par_1_10' title="bbox 250 4474 312 4535">
     <span class='ocr_line' id='line_1_39' title="bbox 250 4474 312 4535; baseline 0 0"><span class='ocrx_word' id='word_1_286' title='bbox 250 4474 312 4535; x_wconf 77' lang='lat'><em>25*</em></span> 
     </span>
    </p>
   </div>
   <div class='ocr_carea' id='block_1_8' title="bbox 0 0 1474 4996">
    <p class='ocr_par' dir='ltr' id='par_1_11' title="bbox 0 0 1474 4996">
     <span class='ocr_line' id='line_1_40' title="bbox 0 0 1474 4996; baseline 0 3"><span class='ocrx_word' id='word_1_287' title='bbox 0 0 1474 4996; x_wconf 95' lang='lat' dir='ltr'><em> </em></span> 
     </span>
    </p>
   </div>
  </div>
 </body>
</html>
