2940 4996
478 431 528 493 De
546 431 734 494 Ordinibus
753 430 987 512 Confereadis.
1030 523 1038 544 ἱ
1113 435 1116 441 ’

159 872 177 899 ,,
242 823 486 906 [domama
510 828 572 893 ΑΙ)
595 825 999 893 cousuumuuuu
1023 824 1315 931 ulacouanus

613 931 861 1017 orricium]
1304 934 1307 938 ⁸

157 1182 177 1208 ‚‚
223 1135 404 1201 Commune
414 1143 530 1202 votum
540 1145 748 1221 permaneat,
759 1138 946 1203 communis
956 1137 1066 1202 oratio
1076 1141 1316 1220 prosequatur,

159 1287 178 1313 ,‚
195 1245 232 1302 ut
247 1239 301 1303 hic
317 1241 423 1304 totius
440 1240 598 1305 Ecclesia
614 1262 713 1324 prece
729 1242 786 1327 qui
808 1243 843 1305 in
865 1242 1067 1306 diaconatus
1089 1240 1319 1304 ministerium

159 1391 177 1418 ,‚
191 1350 409 1427 praparatur,
422 1345 579 1410 Leviticae
595 1346 880 1428 benevxedictionis
896 1345 1044 1430 spiritali
1059 1344 1317 1409 conversatione

162 1446 396 1532 „praefulgens
411 1449 634 1534 pergratiam
652 1449 933 1514 sanctificationis
950 1448 1092 1513 eluceat.
1137 1448 1213 1512 Per.

516 1552 731 1632 [Benedictio
747 1555 988 1638 suddiaconi]

158 1703 177 1729 „
237 1654 378 1718 Domine
395 1662 521 1733 sancte,
535 1657 617 1741 spei,
633 1657 720 1733 fidei,
736 1658 864 1741 gratiae,
881 1655 1093 1739 profectuum
1109 1661 1313 1730 munerator,

158 1806 177 1834 „
193 1758 249 1840 qui
266 1759 458 1823 coelestibus
470 1765 503 1822 et
519 1760 665 1824 terrenis
681 1759 878 1823 ministeriis
895 1757 1092 1844 angelorum
1109 1760 1233 1842 ubique
1249 1758 1317 1822 dis-

161 1908 179 1935 „
196 1861 325 1942 positis,
336 1862 691 1943 peromniaelementa
699 1861 887 1926 voluntatis
896 1868 963 1925 tusa
973 1861 1134 1924 diffundis
1144 1863 1317 1936 affectum

159 2012 177 2039 „
194 1963 281 2027 hunc
291 1985 422 2048 quoque
432 1963 700 2028 famulumtuum
711 1965 763 2028 ill.
776 1962 915 2048 speciali
926 1966 1050 2029 affectu
1060 1963 1149 2028 tueri
1158 1964 1317 2048 digneris,

157 2115 176 2141 ,‚
194 2072 232 2129 ut
247 2068 315 2130 tuis
331 2067 503 2150 obsequiis
515 2066 704 2152 expeditus,
718 2068 846 2132 sanctis
859 2066 1026 2132 altaribus
1042 2066 1197 2129 minister
1212 2086 1316 2150 purus

158 2220 176 2246 „
194 2171 377 2246 clarescat;
394 2177 429 2234 et
439 2171 650 2255 indulgentia
660 2173 784 2254 prioris
794 2171 923 2257 gradus
936 2191 1062 2243 eurum,
1073 2190 1158 2253 quus
1168 2168 1315 2253 apostoli

157 2323 177 2349 ‚‚
194 2274 244 2339 tui
267 2273 301 2336 in
319 2274 511 2357 septenario
534 2295 682 2350 numero,
700 2276 800 2339 beato
823 2275 993 2359 Stephano
1018 2273 1172 2348 ducente,
1189 2271 1317 2355 Spiritu

162 2425 181 2452 ‚‚
198 2376 320 2441 Sancto
336 2382 485 2451 auctore,
501 2374 675 2461 elegerunt
698 2377 820 2462 dignus
837 2377 973 2451 existat,
990 2381 1025 2440 et
1043 2375 1225 2439 virtutibus
1246 2374 1318 2437 uni-

161 2530 180 2555 „
197 2480 304 2543 versis
330 2480 452 2563 quibus
474 2485 509 2541 te
534 2480 659 2542 servire
687 2486 828 2562 oportet,
854 2480 1044 2543 instructus
1073 2477 1208 2562 polleat.
1254 2477 1319 2542 Per

167 2582 389 2658 „Dominum

502 2755 738 2836 [raunmcmo
762 2772 812 2818 su
836 2761 985 2841 arunas]

165 2976 182 3002 ,,
228 2927 330 3005 Deus,
341 2930 472 2993 invictae
484 2929 619 2993 virtutis
630 2930 899 3013 triumphatoret
910 2928 1055 2992 omnium
1065 2948 1177 2991 rerum
1188 2933 1320 2992 creator

169 3079 187 3106 ‚,
204 3053 241 3094 ac
267 3033 502 3108 sanctificator,
529 3033 665 3096 intende
690 3032 856 3115 propitius
884 3052 1001 3115 preces
1025 3037 1171 3103 nostras,
1199 3036 1234 3094 et
1257 3032 1320 3118 has

169 3184 190 3211 „
208 3135 313 3199 stolas
329 3135 399 3199 sive
415 3135 571 3218 planetas
587 3135 730 3198 levitica
745 3156 784 3198 ac
797 3134 1019 3198 sacerdotalis
1030 3133 1144 3218 gloria
1160 3118 1323 3197 ministrii

166 3239 270 3312 „tuis
300 3236 460 3302 fruendas
498 3244 555 3301 tuo
590 3237 724 3321 proprio
755 3258 813 3301 ore
847 3236 1094 3317 beneffldicere,
1126 3255 1164 3298 ac
1196 3236 1318 3299 sancti-

165 3391 183 3414 „
200 3341 310 3415 ficare,
324 3361 586 3425 consecrareque
599 3340 758 3426 digneris,
769 3360 950 3424 omnesque
967 3340 1017 3402 eis
1030 3343 1175 3414 utentes,
1185 3338 1319 3421 tuisque

168 3445 373 3528 „mysteriis
403 3467 424 3508 a
453 3446 550 3508 nobis
584 3446 732 3530 indignis
762 3444 968 3509 consecratis
998 3444 1052 3508 uel
1085 3442 1320 3506 consecrandis

169 3597 187 3623 ,,
206 3554 313 3630 aptos,
330 3554 365 3611 et
380 3548 443 3611 tibi
459 3549 493 3610 in
517 3549 566 3610 eis
582 3548 704 3612 devote
719 3553 754 3611 et
776 3548 968 3612 amabiliter
992 3547 1189 3620 servientes,
1204 3550 1321 3629 gratos

170 3701 189 3726 ‚,
206 3653 336 3714 efficere
352 3651 413 3714 tibi
430 3650 605 3726 concedas,
621 3657 656 3715 et
670 3672 758 3714 nunc
774 3656 809 3714 et
823 3671 884 3734 per
899 3650 1033 3713 infinita
1048 3648 1171 3712 saecula
1186 3646 1320 3712 saculo-

173 3803 191 3828 ,,
209 3775 292 3816 rum.

166 3906 186 3930 ‚‚
248 3857 286 3918 ln
307 3857 438 3920 nomine
461 3863 582 3922 sanctae
604 3858 782 3922 Trinitatis
801 3863 837 3922 et
857 3858 962 3921 unicae
983 3856 1191 3931 Divinitatis,
1208 3856 1319 3941 accipe

167 4010 186 4032 ,.
205 3959 326 4022 stolam
339 3980 436 4041 quam
447 3961 508 4023 tibi
520 3959 682 4024 Dominus
693 3961 966 4045 perhumilitatis
977 3966 1099 4022 nostra
1113 3959 1321 4034 famulatum,

167 4113 185 4137 „
205 4083 263 4124 seu
281 4067 314 4124 ct
330 4083 390 4145 per
402 4084 520 4125 manus
537 4071 672 4127 nostras
684 4063 908 4148 accipiendam
926 4063 1136 4147 praparavit,
1148 4082 1209 4145 per
1224 4083 1321 4145 quam

165 4215 184 4239 ‚‚
203 4165 289 4228 scias
306 4165 472 4228 sarcinam
488 4165 622 4230 Domini
638 4167 701 4230 Dei
718 4169 767 4232 tui
783 4167 971 4231 cervicibus
986 4167 1055 4229 tuis
1070 4165 1272 4248 impositam,
1288 4173 1321 4230 et

168 4318 186 4342 ‚‚
204 4268 245 4332 ad
262 4268 485 4332 humilitatem
502 4279 603 4354 atque
618 4273 898 4337 ministrationem
924 4279 958 4336 te
974 4290 1049 4335 esse
1072 4290 1270 4346 connexum,
1287 4277 1323 4334 et

168 4422 186 4445 ‚,
204 4393 263 4453 per
288 4392 387 4453 quam
416 4379 449 4434 te
478 4376 834 4457 cognoscant-fratres
861 4375 912 4438 tui
939 4373 1130 4436 ministrum
1157 4372 1221 4435 Dei
1248 4393 1322 4435 esse
