2940 4996
205 403 247 468 68
598 399 784 476 Dedicatto
799 397 973 468 Ecolcoiae.

247 605 381 682 Seqto‘tur
394 607 486 664 oratio
501 608 531 664 in
546 607 638 664 medio
651 608 779 666 ecclesia.

251 701 413 765 Dominus
428 703 607 766 vobiscum.

253 802 356 878 Deus,
377 804 435 886 qui
460 806 549 868 inter
574 804 755 869 coelestium
779 804 944 869 visionum
967 824 1101 880 arcana,
1123 822 1196 886 quae
1220 795 1373 883 pretioso

210 907 273 969 tibi
284 913 319 969 et
335 907 512 991 specialius
527 906 649 971 dilecto
663 908 684 971 J
687 909 809 971 obanni
824 908 992 984 revelasti,
1003 907 1066 969 sibi
1082 905 1182 969 etiam
1198 902 1373 967 civitatem

213 1011 397 1086 ostendisti,
421 1013 517 1095 cujus
542 1012 660 1096 platea
683 1034 766 1076 auro
791 1017 952 1097 teguntur
976 1009 1193 1075 mundissimo
1220 1012 1257 1070 et
1282 1025 1374 1090 gem-

213 1137 342 1178 marum
371 1115 502 1200 fulgore
532 1124 675 1180 vernant
703 1117 765 1181 tibi
797 1123 980 1202 perpetuo;
1010 1120 1106 1197 cujus
1135 1113 1236 1176 etiam
1267 1114 1374 1194 portae

215 1220 408 1303 margaritis
440 1222 548 1285 nitent
581 1222 843 1305 pretiosissimis,
872 1241 1061 1305 quaesumns
1089 1224 1129 1283 ut
1160 1218 1230 1280 haec
1260 1213 1374 1278 omnia

215 1331 409 1387 ornamenta
430 1324 631 1408 magnifices,
648 1326 702 1389 hic
725 1325 946 1409 spiritualiter
959 1324 1064 1388 facias
1086 1322 1209 1395 lucere,
1225 1323 1259 1383 et
1283 1315 1375 1401 pavi-

215 1427 318 1489 menti
334 1429 434 1510 hujus
456 1428 704 1512 amplitudinem
725 1429 920 1505 benedicas3
943 1427 1084 1492 concede
1106 1442 1248 1509 quoque,
1264 1417 1375 1502 utqui

217 1535 251 1591 te
282 1551 382 1613 super
410 1533 472 1594 hoc
501 1532 726 1613 pavimentum
755 1532 991 1605 invocaverint,
1017 1527 1243 1591 intercedente
1274 1524 1376 1586 beata

219 1631 329 1694 Maria
355 1653 429 1694 cum
452 1635 604 1696 omnibus
625 1634 760 1710 sanctis,
783 1635 824 1698 ab
847 1633 976 1718 angelis
998 1632 1068 1696 tuis
1090 1633 1260 1702 tueantur,
1284 1625 1375 1691 etin

218 1733 296 1796 aula
325 1735 452 1799 coelesti
477 1739 695 1802 ascribantur.
740 1738 815 1802 Hoc
843 1739 877 1803 in
904 1738 978 1803 loco
1004 1738 1098 1822 plebs
1127 1743 1197 1810 tua,
1223 1732 1376 1806 Domine,

219 1858 339 1902 manna
363 1838 488 1904 coelesti
510 1842 680 1906 reficiatur
694 1847 729 1906 et
742 1842 783 1905 de
807 1842 991 1926 spiritualis
1006 1848 1107 1925 petra
1130 1861 1216 1903 vena
1230 1841 1375 1921 potetur.

220 1939 286 2001 Hic
310 1940 404 2024 lepra
430 1944 602 2026 omnisque
632 1944 747 2009 illuvio
778 1945 914 2008 sceleris
941 1967 962 2009 a
988 1951 1022 2008 te
1049 1964 1176 2007 summo
1204 1940 1376 2005 sacerdote

219 2041 418 2106 eliminetur.
474 2046 539 2110 Hic
575 2048 714 2110 fimbriis
746 2048 818 2131 jam
856 2047 1086 2111 misericordiae
1123 2053 1188 2109 tuae
1225 2045 1376 2108 infirmus

220 2147 361 2230 quisque
387 2149 567 2213 adveniens
593 2155 713 2235 tangat
738 2158 772 2214 et
797 2151 954 2215 salvetur.
999 2151 1049 2214 De
1075 2149 1222 2213 sacrario
1246 2167 1378 2231 quoque

222 2261 343 2312 sauctae
367 2256 430 2314 tuae
453 2253 674 2315 exauditionis
696 2254 761 2317 huc
783 2255 975 2318 transmitte
1000 2254 1187 2318 antidotum
1209 2250 1379 2316 reconcili-

223 2352 346 2415 ationis
356 2376 364 2428 ;
397 2355 441 2417 sit
470 2356 523 2417 hic
553 2355 594 2418 ad
624 2362 659 2419 te
689 2356 956 2441 confugientibus
985 2355 1125 2440 asylum,
1152 2360 1187 2418 et
1216 2355 1380 2418 virtutum

223 2455 367 2518 omnium
397 2458 646 2541 apparitorium.
690 2460 816 2524 Praesta
844 2481 988 2544 quoque,
1014 2459 1165 2534 Domine,
1194 2463 1234 2522 ut
1263 2457 1318 2522 hic
1347 2462 1381 2521 te

223 2559 401 2624 alorantes
424 2568 459 2625 et
481 2563 650 2627 adoraturi
666 2585 780 2628 omnes
803 2565 1058 2648 prosperitatem
1080 2566 1325 2645 assequantur3
1349 2567 1385 2626 et

224 2669 301 2746 post
317 2665 391 2727 vitae
407 2664 505 2728 istius
520 2687 653 2729 cursum
669 2667 797 2730 meritis
811 2668 916 2732 beatae
933 2667 1048 2731 Mariae
1063 2667 1152 2730 iuter
1167 2664 1383 2748 splendentes

224 2766 369 2830 coelestis
393 2768 490 2831 curiae
514 2770 668 2833 cohortes
692 2769 789 2834 stolis
816 2771 1023 2861 sempiterne
1043 2768 1263 2857 jocunditatis
1287 2768 1383 2832 indu·

225 2876 335 2932 antur.
380 2871 445 2934 Per
458 2870 647 2937 Dominum.

268 2974 411 3039 Itidem.
457 2973 607 3041 Oremus.

270 3076 592 3161 Flectamusgenua.
636 3077 773 3142 Levate.

273 3183 404 3244 Oratio.
457 3180 549 3244 Deus
579 3180 636 3264 qui
666 3180 738 3245 loca
768 3181 891 3244 nomini
921 3186 981 3246 tuo
1011 3181 1152 3247 dicanda
1182 3181 1385 3260 sanctificas,

227 3291 358 3356 effunde
389 3310 488 3373 super
510 3290 595 3352 hanc
622 3289 781 3352 orationis
811 3289 942 3351 domum
969 3290 1113 3374 gratiam
1143 3294 1247 3366 tuam,
1276 3293 1313 3354 ut
1341 3291 1386 3354 ab

227 3397 379 3460 omuibus
395 3394 448 3456 hio
468 3392 699 3456 invocantibus
714 3412 834 3454 nomen
849 3398 954 3468 tuum,
970 3391 1129 3456 auxilium
1152 3391 1385 3457 misericordiae

227 3512 293 3564 tum
311 3498 484 3561 sentiatur.
528 3496 592 3557 Per
606 3494 794 3558 Dominum.

270 3605 409 3666 Iterum.
455 3599 604 3662 Oremus.

271 3708 592 3786 Flectamusgenua.
636 3700 772 3765 Levate.

280 3812 410 3872 Oratio.
470 3805 572 3880 Deus,
609 3806 906 3869 sanctificationum
944 3804 1153 3887 omnipotens
1190 3804 1388 3886 dominator,

231 3915 325 3994 cujus
350 3912 457 3994 pietas
478 3911 548 3972 siue
573 3909 638 3973 fine
663 3909 824 3984 sentitur3
848 3908 949 3984 Deus,
972 3909 1029 3991 qui
1055 3908 1203 3974 coelestia
1226 3910 1327 3974 simul
1353 3917 1389 3976 et

231 4023 364 4079 terrena
390 4012 581 4087 moderaris,
609 4033 746 4075 servans
772 4012 1028 4075 misericordiam
1056 4018 1148 4088 tuam
1178 4013 1304 4098 populo
1328 4019 1388 4079 tuo

232 4117 413 4182 ambulanti
426 4123 502 4179 ante
514 4121 721 4201 conspectum
732 4116 845 4200 gloriae
856 4121 938 4192 tuae3
962 4116 1081 4179 exaudi
1091 4137 1206 4199 preces
1217 4137 1389 4181 servorum

232 4229 374 4293 tuorum,
391 4223 425 4282 et
446 4223 565 4303 praesta
581 4225 618 4282 ut
641 4219 708 4283 sint
723 4219 809 4282 oculi
824 4219 873 4282 tui
893 4219 1000 4303 aperti
1017 4240 1117 4302 super
1137 4218 1270 4283 domum
1287 4221 1388 4285 istam

233 4325 285 4388 die
303 4346 340 4386 ac
357 4328 472 4386 nocte:
496 4321 580 4384 hanc
604 4342 731 4406 quoque
755 4322 926 4387 basilicam
942 4322 976 4385 in
1001 4323 1124 4386 honore
1140 4322 1248 4387 sancti
1271 4323 1321 4389 tui
1344 4322 1388 4387 N.
