2940 4996
420 422 547 485 nouus
566 423 775 506 conficiant·
794 425 960 489 cerrima.
1201 426 1267 490 ma
1344 408 1345 411 ‘

114 628 148 685 et
176 621 226 685 ita
255 627 347 687 totus
377 625 521 709 hymnus
548 631 702 690 cantetur
728 632 766 691 ut
792 629 920 711 primus
946 651 1064 694 versus
1091 653 1111 695 a
1137 631 1267 695 clericis

113 744 209 789 secus
235 725 341 791 altare
367 727 535 792 stantibus
561 734 722 805 cantetur,
752 731 925 807 secundus,
953 753 973 797 a
999 737 1071 796 toto
1098 732 1209 809 choro,
1233 739 1267 797 et

111 828 161 892 ita
194 828 387 894 alternatim
421 832 563 914 hymnus
598 838 761 896 cantetur.
807 832 878 916 Quo
911 835 1009 912 dicte,
1045 837 1268 920 subsequatur

110 932 307 1009 benedictio,
342 934 480 1009 scilicet,
514 936 602 999 Haec
639 938 833 1000 commistio
873 936 1043 1020 liquorum
1075 945 1109 1005 et
1145 945 1267 1004 cetera.

110 1033 249 1111 Deinde,
274 1037 381 1101 oratio
405 1059 479 1102 cum
502 1038 670 1101 Dominus
696 1041 868 1103 uobiscum
896 1057 930 1104 et
957 1046 1074 1106 ceterae
1101 1043 1269 1107 orationes

111 1144 299 1221 sequentes.

153 1242 281 1326 Quibus
296 1242 404 1319 dictis,
421 1245 598 1327 episcopus
615 1243 704 1307 dicat
720 1243 791 1308 alta
806 1267 897 1321 voce,

152 1349 222 1412 Per
238 1348 352 1410 omniu
367 1349 495 1412 saecula
510 1349 710 1413 soeculorum
719 1370 731 1424 ;

152 1452 319 1514 Dominus
335 1453 528 1529 vobiscum

153 1556 298 1618 Sursum
314 1556 421 1618 corda
430 1577 443 1631 ;

154 1661 298 1722 Gratias
315 1679 468 1741 cyamus,

107 1784 181 1826 cum
198 1767 357 1845 sequente
374 1760 579 1844 praefatione.

149 1866 230 1929 Post
246 1865 420 1949 praedictas
435 1864 693 1938 benedictiones,
706 1863 859 1927 minister
874 1864 1054 1948 ampullam
1071 1867 1262 1935 chrismatis

105 1969 268 2044 deferens,
285 1989 359 2030 cum
382 1967 520 2030 sindone
536 1987 602 2049 qua
622 1966 820 2050 praecinctus
837 1971 890 2031 est
911 1969 1107 2052 co-operiat,
1124 1991 1262 2056 eamque

103 2074 136 2135 in
162 2073 300 2135 dextera
323 2075 418 2154 parte
440 2069 558 2134 altaris
581 2089 754 2152 quousque
778 2072 900 2151 Aquas
915 2070 981 2132 Dei
1004 2076 1168 2150 cantetur,
1185 2095 1258 2138 cum

105 2174 294 2238 reverentia
310 2178 434 2237 teneat.

147 2279 270 2343 Postea
282 2278 456 2362 episcopus
468 2276 558 2339 dicat
573 2276 644 2339 alta
659 2295 749 2350 voce,
760 2276 831 2338 Per
843 2277 957 2338 omniu
970 2277 1118 2340 soeculo:
1140 2279 1258 2343 deinde

102 2381 191 2445 dicat
206 2382 364 2444 diaconus
380 2380 435 2462 qui
459 2379 670 2463 evangelium
689 2376 784 2463 legit,
801 2379 998 2443 Humiliate
1020 2400 1079 2442 uos
1095 2383 1143 2444 ad
1165 2384 1258 2447 beoc-

101 2487 283 2549 dictionem
291 2506 304 2563 ‚·
327 2483 444 2546 deinde
462 2487 622 2566 sequatur
637 2482 825 2547 benedictio
842 2502 942 2564 super
956 2482 1126 2566 populum.

144 2588 227 2652 Post
241 2585 502 2650 benedictionem
519 2584 608 2647 dicat
624 2585 809 2669 episcopus,
825 2585 873 2647 Et
882 2605 961 2664 pasc
976 2586 1059 2668 ejus.

143 2691 235 2752 Tunc
248 2693 363 2752 cautor
375 2687 514 2771 incipiat
525 2690 647 2770 Aquas
659 2688 724 2751 Dei
733 2710 746 2767 ‚·
769 2692 803 2750 et
815 2687 987 2750 deferatur
998 2708 1057 2751 vas
1068 2689 1258 2756 chrismatis

99 2816 119 2858 a
149 2791 303 2876 praedicto
327 2789 481 2853 ministro
512 2789 667 2873 episcopo
692 2789 961 2853 deosculandum.
1005 2790 1129 2856 Postea
1153 2793 1253 2858 etiam

98 2896 170 2961 loco
195 2895 287 2978 pacis
310 2894 344 2956 in
369 2893 505 2957 chorum
530 2892 703 2956 deferatur
726 2913 765 2956 eo
792 2894 906 2958 ordine
932 2913 998 2975 quo
1023 2893 1146 2958 chorus
1169 2896 1255 2962 solet

96 2998 293 3064 thurificari.

141 3102 194 3166 sic
210 3107 248 3166 ut
264 3105 379 3165 cantor
394 3099 529 3163 inchoet
544 3100 817 3177 communionem,
834 3101 931 3165 etita
950 3099 1123 3164 servitium
1140 3102 1252 3168 debito

95 3227 187 3272 more
204 3203 419 3289 compleatur.
