2940 4996
393 406 645 470 Reconciliatio
663 408 824 470 Ecclesiae
840 407 893 470 uel
911 410 1110 472 Coemeterii.
1280 406 1323 470 95

165 606 376 674 orationibus
402 612 526 676 nostris
554 635 627 677 eam
652 620 717 677 tuae
744 612 882 697 pietatis
906 616 1062 696 respectu
1089 611 1326 690 sancti-hicce,

165 717 266 795 atque
282 712 332 777 ita
344 715 451 778 omnis
467 716 644 799 spirituum
657 716 899 779 immundorum
916 716 958 779 ab
975 736 1015 779 ea
1026 716 1160 779 recedat
1174 714 1330 789 incursio,

165 820 203 876 ut
218 814 418 900 ubicumque
441 819 593 883 fueritin
616 820 747 882 nomine
763 827 822 882 tuo
845 839 994 902 aspersa,
1010 817 1122 902 gratia
1143 824 1208 880 tuae
1230 818 1329 880 bene·

166 917 323 983 dictionis
346 922 511 998 adveniat,
535 927 569 986 et
591 922 701 986 omnia
728 921 826 998 mala,
849 928 883 986 te
906 922 1119 1007 propitiante,
1143 919 1258 1005 procul
1278 941 1330 984 re-

166 1020 296 1085 cedant.
342 1025 407 1088 Per
423 1025 563 1088 eundem
579 1024 757 1088 Dominum
773 1032 936 1088 nostrum.

208 1125 410 1192 Benedictio
427 1131 586 1192 cinerum.

211 1228 296 1290 Cum
310 1227 474 1294 Dominus
490 1232 670 1294 vobiscum.
717 1229 867 1293 Oremus.

212 1332 343 1397 Oratio.
390 1334 605 1419 Omnipotens
628 1336 829 1417 sempiterne
852 1333 954 1408 Deus,
970 1353 1068 1417 parce
1092 1332 1329 1410 metuentibus,

164 1436 348 1521 propitiare
365 1438 640 1523 supplicantibus,
653 1445 689 1503 et
704 1439 837 1501 mittere
853 1437 991 1521 dignare
1005 1443 1156 1500 sanctum
1173 1435 1328 1521 angelum

162 1545 260 1602 tuum
283 1541 323 1604 de
347 1541 756 1626 coelis,quibene·1‹dicat
778 1548 812 1604 et
836 1538 1060 1616 sanctifflficet
1082 1541 1210 1603 cineres
1232 1540 1327 1618 istos,

164 1647 203 1706 ut
233 1643 303 1708 sint
331 1647 511 1709 remedium
543 1646 690 1710 salutare
721 1645 874 1709 omnibus
900 1666 1021 1707 nomen
1050 1649 1146 1709 tuum
1173 1651 1325 1723 sanctum

161 1745 337 1810 humiliter
357 1749 622 1832 implorantibus,
639 1771 677 1812 ac
701 1750 909 1831 semetipsos,
926 1769 985 1832 pro
1009 1749 1211 1812 conscientia
1226 1748 1326 1813 delic-

162 1855 273 1913 torum
299 1871 433 1915 suorum
460 1852 705 1928 accusantibus,
733 1855 834 1934 atque
861 1856 939 1913 ante
970 1857 1180 1934 conspectum
1207 1851 1327 1916 divinae

163 1953 347 2018 clementiae
369 1961 434 2018 tuae
455 1955 605 2020 facinora
628 1977 689 2019 sua
715 1954 976 2038 deplorantibus,
1000 1953 1051 2016 vel
1080 1955 1326 2019 serenissimam

162 2057 322 2141 pietatem
352 2063 445 2122 tuam
475 2059 669 2143 suppliciter
698 2058 881 2142 obnixeque
911 2059 1165 2142 flagitantibus3
1192 2067 1323 2142 praesta,

165 2180 366 2243 quaesumus,
382 2183 443 2245 per
464 2161 707 2226 invocationem
731 2162 932 2225 sanctissimi
948 2161 1091 2224 nominis
1115 2161 1175 2236 tui,
1192 2168 1229 2225 ut
1253 2163 1324 2245 qui·

162 2287 303 2349 cumque
319 2287 376 2329 eos
393 2288 543 2350 superse
560 2267 764 2352 asperserint
779 2288 838 2350 pro
860 2265 1088 2350 redemptione
1103 2270 1324 2350 peccatorum,

159 2368 310 2452 corporis
337 2369 515 2433 sanitatem
545 2376 580 2434 et
605 2370 722 2434 animae
749 2369 890 2434 tutelam
917 2367 1113 2452 percipiant.
1158 2369 1224 2432 Per
1252 2368 1319 2433 Do·

158 2473 296 2536 minum.

204 2575 287 2635 Tuuc
300 2577 470 2635 misceantur
482 2577 526 2634 sal
539 2585 563 2635 ct
578 2576 651 2634 ciuis
664 2576 698 2633 iu
710 2577 825 2634 niodum
839 2576 938 2648 crucis,
953 2577 1079 2636 diceudo.

202 2677 244 2757 ἧς
259 2673 338 2738 Fiat
349 2673 540 2739 commixtio
553 2672 635 2737 salis
652 2678 687 2736 et
698 2673 830 2737 cineris.
875 2673 914 2738 In
927 2673 1059 2738 nomine
1075 2674 1186 2740 Patris
1197 2680 1232 2741 et
1242 2674 1320 2739 Filii

159 2781 195 2841 et
211 2776 357 2859 Spiritus
374 2777 498 2841 Sancti.
542 2779 660 2840 Amen.

200 2879 245 2937 Et
264 2880 407 2957 episcopus
421 2888 462 2938 ter
481 2880 622 2957 accipiens
642 2886 779 2956 quaestum
792 2880 905 2958 pupillo
925 2902 1022 2958 cupere
1037 2889 1135 2959 potest,
1142 2881 1239 2959 faciat
1252 2883 1319 2942 iude

158 2996 269 3034 cremera
283 2983 323 3032 ter
336 2997 419 3052 super
432 2996 538 3052 uquam
552 2975 654 3032 diceus.

203 3070 286 3134 Haec
312 3071 501 3133 commixtio
529 3069 610 3134 salis
640 3073 675 3132 et
702 3069 822 3133 cineris
849 3092 922 3134 cum
950 3093 1037 3154 aqua
1062 3072 1246 3150 benedicta,
1274 3074 1320 3139 sit

157 3174 369 3254 sanctificata
390 3173 432 3237 ad
448 3171 729 3236 consecrationem
754 3173 854 3256 hujus
877 3174 1023 3238 ecclesiae
1046 3179 1081 3238 et
1103 3174 1232 3239 altaris.
1278 3177 1317 3240 In

157 3277 291 3342 nomine
308 3276 419 3340 Patris
434 3273 473 3351 *l*
489 3281 524 3339 et
538 3277 616 3341 Filii
631 3273 670 3351 *1⁴
686 3282 720 3341 et
738 3276 882 3360 Spiritus
897 3273 936 3353 ⁸1⁴
953 3277 1077 3342 Sancti.
1120 3281 1238 3342 Amen.

202 3380 378 3461 Sequitur.
422 3378 585 3443 Dominus
600 3382 780 3445 vobiscum.
827 3379 977 3443 Oremus.

219 3484 352 3548 Oratio.
411 3481 513 3559 Deus,
542 3484 671 3548 invictae
705 3483 839 3548 virtutis
871 3489 987 3546 auctor
1020 3488 1055 3547 et
1083 3484 1318 3569 insuperabilis

157 3585 289 3670 imperii
312 3607 372 3649 rex
395 3608 433 3650 ac
460 3608 592 3670 semper
613 3588 809 3673 magnificus
836 3587 1069 3669 triumphator,
1093 3588 1150 3670 qui
1173 3589 1320 3652 adversae

157 3690 395 3755 dominationis
422 3690 510 3754 vires
536 3692 702 3774 reprimis,
730 3692 785 3774 qui
816 3691 938 3754 inimici
970 3691 1135 3774 rugientis
1158 3692 1318 3755 saevitiam

159 3814 311 3879 superas,
327 3794 384 3877 qui
399 3794 540 3857 hostiles
556 3795 722 3878 nequitias
738 3799 893 3879 potenter
908 3815 1090 3877 expugnas,
1107 3798 1151 3868 te,
1167 3792 1318 3872 Domine,

157 3905 342 3964 trementes
366 3905 400 3963 et
415 3899 582 3983 supplices
604 3901 822 3983 deprecamur
843 3919 882 3962 ac
904 3899 1059 3981 petimus,
1075 3904 1114 3962 ut
1129 3900 1214 3962 hanc
1229 3920 1320 3963 crea·

157 4009 269 4070 turam
294 4003 376 4067 salis
401 4008 435 4066 et
459 4003 580 4067 cineris
603 4009 638 4067 et
662 4025 754 4087 aquae
777 4003 955 4086 dignanter
978 4001 1131 4086 accipias,
1154 4003 1320 4087 benignus

157 4108 323 4182 illustres,
341 4105 478 4189 pietatis
500 4111 564 4170 tuae
587 4128 663 4170 rore
688 4106 926 4192 sanctiffltices,
949 4110 988 4168 ut
1010 4105 1196 4190 ubicunque
1218 4106 1321 4171 fuerit

157 4231 307 4295 aspersa,
324 4229 385 4292 per
406 4208 646 4273 invocationem
662 4208 711 4273 tui
736 4208 842 4272 sancti
858 4208 1000 4271 nominis
1017 4208 1123 4271 omnis
1146 4207 1318 4271 infestatio
1402 4287 1405 4294 Ι

156 4311 318 4378 immundi
335 4311 472 4396 spiritus
488 4311 674 4395 abjiciatur,
690 4317 863 4395 terrorque
880 4311 1036 4375 venenosi
1061 4309 1224 4396 serpentis
1242 4331 1318 4395 pro·
1382 4393 1384 4398 Ι
