2940 4996
213 417 255 485 70
605 421 790 488 Dedicatio
805 421 979 487 Ecclesiae.

211 608 394 685 solvantur,
417 609 628 694 fideliumque
649 611 745 695 lapsa
766 620 973 697 reparentur.
1019 612 1060 675 ln
1081 612 1145 676 hac
1167 630 1260 696 ergo,
1287 620 1375 694 quae-

213 732 336 788 sumus,
370 711 521 790 Domine,
557 715 651 778 domo
684 722 752 792 tua,
787 715 932 800 Spiritus
966 715 1079 781 Sancti
1112 715 1224 800 gratia
1257 715 1377 800 aegroti

210 819 378 891 sanentur,
402 817 521 879 infirmi
548 817 778 894 restituantur,
802 818 912 883 claudi
938 824 1105 895 curentur,
1127 817 1252 903 leprosi
1276 839 1373 881 mun-

211 918 341 993 dentur,
373 920 447 982 caeci
478 920 717 997 illuminentur,
748 923 907 987 daemonia
937 923 1124 1007 ejiciantur.
1169 919 1373 984 Cunctorum

210 1022 263 1084 hic
286 1021 443 1084 debilium
466 1022 672 1087 incommoda
694 1023 754 1110 [et]
777 1026 1023 1109 aegrotationes,
1038 1031 1083 1101 te,
1098 1023 1251 1099 Domine,
1268 1045 1373 1087 annu-

209 1129 295 1198 ente,
305 1124 493 1207 pellantur3
511 1125 655 1188 omnium
666 1126 766 1190 etiam
778 1126 911 1190 vincula
923 1133 1131 1212 peccatorum
1142 1125 1373 1202 absolvantur,

210 1234 248 1291 ut
278 1249 391 1291 omnes
422 1228 478 1311 qui
502 1229 565 1292 hoc
591 1229 751 1314 templum
780 1231 941 1295 beneficia
957 1232 1055 1314 justa
1083 1229 1296 1314 deprecaturi
1320 1229 1372 1292 in·

208 1330 414 1414 gradiuntur,
452 1336 572 1394 cuncta
609 1352 645 1394 se
687 1332 884 1416 impetrasse
927 1331 1092 1408 laetentur,
1130 1336 1168 1395 ut
1210 1351 1371 1395 concessa

207 1432 434 1496 misericordia
470 1453 569 1516 quam
614 1440 801 1516 precantur,
838 1441 998 1518 perpetuo
1035 1432 1261 1498 miserationis
1304 1438 1370 1498 tnae

208 1556 342 1598 munere
358 1534 554 1619 glorientur.
598 1536 663 1599 Per
678 1536 866 1599 Dominum.
951 1543 958 1550 '

245 1638 366 1709 Deinde,
383 1638 511 1695 niinistri
524 1638 614 1696 altare
629 1639 731 1698 lintheo
746 1639 898 1716 detergant,
912 1640 1054 1699 cantando
1067 1639 1140 1696 lianc
1153 1638 1352 1716 antiphonam.

272 1851 344 1887 -Ι
862 1815 1371 1910 333}

252 1940 345 2002 Intro
362 1978 375 1988 -
392 1940 460 2003 i-bo
488 1941 530 2004 ad
545 1940 681 2004 al-ta-re
711 1939 761 2004 De
778 1941 819 2002 -i
845 1941 887 2005 ad
901 1940 952 2004 De
969 1979 991 2018 .·,
1008 1961 1064 2003 um
1080 1939 1136 2024 qui
1150 1940 1191 2002 1ae
1204 1978 1217 1989 -
1229 1939 1367 2004 ti-li-oat

207 2104 639 2232 ff

202 2248 456 2331 ju-ven-tu-tem
471 2272 522 2313 me
538 2289 551 2299 -
567 2272 630 2319 am,
699 2283 701 2287 ¹

249 2563 419 2626 Psalmno.
463 2562 508 2625 Ju
524 2560 613 2624 -di-
630 2582 669 2625 ca
713 2583 776 2625 me.

243 2697 356 2755 Deinde
370 2697 511 2754 benedicat
525 2697 650 2754 tabulam
664 2696 846 2774 altariaque
860 2696 1044 2774 tamenprins
1058 2695 1114 2753 aaa
1128 2717 1182 2755 ease
1196 2695 1272 2755 debet
1286 2717 1362 2775 aqna

204 2794 355 2864 benedictn,
372 2793 415 2849 ito
428 2792 554 2850 dicendo.

249 2890 398 2952 Oremus

233 2992 372 3055 Domine
385 2994 507 3067 sancte,
518 2991 619 3054 Pater
629 2989 847 3072 omnipotens,
858 2993 979 3052 aeterne
988 2987 1090 3064 Deus,
1100 2988 1364 3054 misericordiam

203 3102 295 3159 tuam
322 3095 456 3158 vocibus
487 3094 713 3157 exultantibus
744 3094 968 3176 deprecamur,
994 3098 1033 3156 ut
1058 3091 1115 3175 qui
1141 3113 1202 3176 per
1232 3115 1364 3157 omnem

204 3200 361 3262 mundum
373 3199 468 3261 fidem
485 3197 648 3282 sparsisti,
661 3196 833 3259 ecclesiam
849 3196 1068 3281 congregasti,
1081 3197 1203 3280 quique
1218 3195 1364 3281 lapidem

203 3303 369 3367 abscisum
390 3301 430 3363 de
446 3305 556 3363 monte
580 3301 649 3362 sine
665 3299 816 3362 manibus
839 3298 993 3382 angulari
1008 3319 1167 3382 compage
1191 3297 1363 3374 solidasti;

202 3411 264 3474 hoc
280 3430 409 3492 quoque
426 3407 532 3470 altare
557 3427 694 3469 serenus
709 3405 851 3481 illustra,
867 3405 929 3467 hoc
945 3425 1075 3488 quoque
1097 3409 1221 3467 aeterno
1237 3403 1363 3469 lumine

201 3512 351 3596 irffiriga,
363 3516 397 3574 et
407 3510 455 3573 ita
466 3510 606 3572 diversis
617 3509 760 3590 undique
770 3507 1004 3570 chrismatibus
1016 3505 1193 3590 locupleta,
1206 3511 1245 3570 ut
1261 3527 1362 3592 super

203 3617 286 3678 illud
303 3613 528 3678 admirandam
553 3611 631 3675 Filii
648 3613 696 3674 tui
713 3611 856 3674 hostiam
872 3611 944 3694 ipse
960 3610 1136 3674 benedicas
1158 3610 1360 3696 impositam,

203 3719 274 3802 ipse
292 3718 454 3802 suscipias
470 3719 708 3779 consecratam.
752 3713 817 3776 Per
833 3713 981 3776 eundem.

242 3820 354 3877 Deinde
368 3819 497 3877 ministri
510 3818 600 3875 altore
615 3816 717 3873 lintheo
731 3815 883 3890 detergant,
900 3812 1040 3872 conitendo
1053 3813 1128 3871 lianc
1141 3813 1339 3892 antiphonam.

204 3995 282 4108 5
282 3976 1361 4106 W&

246 4139 292 4202 Ec
308 4175 321 4185 -
336 4172 350 4185 ·
366 4157 402 4199 ce
425 4140 462 4199 ta
477 4173 489 4184 -
505 4136 564 4198 ber
580 4173 592 4183 -
608 4156 651 4197 na
667 4132 792 4196 culum
814 4130 864 4194 De
881 4130 922 4193 -i
959 4151 1032 4193 cum
1058 4129 1303 4197 hominibus
1325 4139 1361 4200 et

200 4343 734 4428 121

200 4464 256 4549 spi
273 4461 395 4526 -ri·tus
424 4460 566 4524 Sanctus
588 4456 680 4520 ha-bi
696 4494 708 4507 ·
727 4462 778 4521 tat
800 4455 834 4518 in
859 4454 967 4520 vo-bis
991 4459 1058 4519 tem
1074 4491 1086 4504 -
1102 4453 1195 4541 plum
1223 4477 1273 4522 o·
1288 4457 1357 4525 nim
