2940 4996
475 425 736 491 Benedictiooee
752 425 989 508 Episcopatec.

192 619 360 682 Benedictio
375 627 408 684 dc
422 649 584 707 quocunque
598 640 731 708 martyre.

198 816 327 884 Sanctae
339 822 515 891 Trinitatis
529 847 629 912 super
641 848 700 891 vos
712 827 897 892 benedictio
914 826 1094 891 descendat
1106 823 1310 909 gratissima,

155 917 209 1000 qui
236 921 328 987 beati
355 927 399 990 N.
423 930 645 1014 martyrisque
675 928 815 1014 gloriosi
839 929 964 995 festum
990 933 1102 991 mento
1132 924 1311 989 celebratis

156 1019 382 1090 devotissima.
428 1031 546 1095 Amen.

199 1122 298 1190 Illius
327 1133 523 1196 mereamini
550 1133 721 1219 suffragiis
751 1133 874 1210 fulciri,
902 1131 1120 1218 exemploque
1150 1129 1313 1204 roborari,

156 1224 211 1306 qui
226 1247 287 1292 nec
304 1232 431 1297 saevitia
447 1238 674 1319 torquentium
690 1237 810 1322 frangi,
827 1259 888 1301 neo
910 1235 1151 1301 immanissima
1166 1237 1308 1297 tormen-

157 1333 267 1392 torum
289 1335 488 1401 crudelitate
511 1359 532 1402 a
553 1339 797 1424 gloriosissima
820 1339 946 1404 Christi
968 1337 1176 1403 confessione
1203 1336 1313 1420 potuit

157 1426 233 1494 labi.
279 1436 395 1500 Amen.
743 1511 746 1517 ³

196 1530 242 1596 Et
256 1536 312 1618 qui
330 1558 404 1602 eum
421 1547 579 1626 superato
595 1543 727 1607 diverso
740 1547 981 1608 tormentorum
996 1562 1129 1628 genere,
1143 1539 1309 1605 coelestem

156 1630 296 1716 gloriam
324 1660 398 1703 cum
422 1644 594 1728 triumpho
621 1645 713 1710 dedit
739 1645 908 1721 scandere,
935 1645 1007 1728 ipsc
1032 1644 1126 1709 vobis
1152 1642 1311 1707 concedat

155 1737 267 1821 vigore
282 1740 360 1806 fidei
383 1745 538 1811 vitiorum
555 1748 681 1831 pellere
698 1749 864 1833 contagia,
881 1753 1004 1813 etcum
1025 1747 1142 1812 electis
1158 1746 1309 1812 omnibus

159 1842 351 1922 superindui
365 1844 649 1915 immarcescibilis
664 1851 778 1936 gloriae
794 1871 924 1915 corona.
971 1851 1088 1914 Amen.

199 1944 292 2028 Quod
308 1949 390 2033 ipse.
820 1955 825 1964 '

193 2164 361 2229 Benedictio
375 2172 408 2232 de
422 2195 583 2254 quocunque
597 2178 755 2255 consessore.

196 2365 297 2446 Deus,
315 2374 524 2439 sacerdotum
546 2376 658 2463 gloria
673 2382 707 2441 et
730 2375 958 2440 confessorum
975 2393 1107 2450 corona,
1124 2391 1183 2436 vos
1206 2372 1310 2435 inter·

155 2476 256 2533 ventu
278 2473 370 2538 beati
392 2477 435 2541 N.
463 2480 610 2561 pastoris
637 2480 753 2555 vestri,
777 2477 873 2561 cujus
896 2498 956 2541 vos
982 2475 1090 2541 voluit
1116 2474 1308 2539 memoriam

156 2572 335 2653 celebrare,
351 2578 393 2642 ab
416 2581 504 2642 omni
527 2582 618 2646 malo
639 2581 798 2666 dignetur
819 2580 974 2656 liberare,
992 2584 1027 2643 et
1042 2579 1187 2642 omnium
1211 2579 1309 2642 bene-

158 2673 337 2741 dictionum
353 2683 557 2747 ornamentis
574 2684 741 2747 decorare.
787 2684 903 2746 Amen.
1365 2765 1368 2773 Ι

199 2779 406 2867 Praestetque
421 2785 623 2862 misericors,
637 2791 674 2849 ut
690 2784 746 2869 qui
762 2785 857 2848 vobis
874 2784 974 2847 decor
989 2783 1149 2846 honestus
1164 2781 1262 2845 fulsit
1276 2781 1310 2843 in

158 2883 267 2959 terris,
283 2907 344 2969 pro
368 2887 462 2950 vobis
486 2888 587 2950 etiam
610 2887 820 2952 interventor
842 2886 997 2950 assiduus
1021 2885 1116 2949 sitin
1139 2883 1253 2958 coelis;
1277 2891 1311 2946 et

156 3006 225 3068 quae
238 2988 390 3073 exemplo
406 2991 479 3073 ejus
491 2990 655 3054 didicistis
672 2995 706 3054 et
720 2989 965 3075 praedicatione,
978 3007 1038 3051 vos
1053 2985 1157 3051 faciat
1170 2985 1310 3071 implere

158 3090 535 3174 dignacouversatione.
580 3095 698 3158 Amen.

197 3195 242 3258 Et
263 3218 337 3260 cum
353 3198 535 3262 communis
557 3196 760 3261 resurrectio
783 3194 923 3272 venerit,
940 3195 994 3259 hio
1014 3198 1176 3278 patronus
1199 3194 1312 3254 vester

160 3318 232 3360 cum
254 3301 374 3364 ceteris
402 3303 528 3366 sanctis
551 3300 744 3364 doctoribus
766 3298 891 3363 vestris
914 3318 974 3362 vos
996 3317 1062 3359 non
1086 3292 1309 3376 adjudicium

160 3402 216 3464 sed
243 3403 284 3466 ad
311 3403 574 3468 misericordiam
599 3403 660 3467 Dei
688 3403 868 3486 perducat3
892 3406 935 3478 et,
962 3396 1134 3465 tremendo
1159 3395 1310 3459 examine

160 3511 302 3588 peracto,
318 3506 452 3573 illorum
474 3508 654 3571 comitante
679 3504 851 3590 suffragio,
869 3524 948 3568 oves
970 3522 1049 3566 suas
1072 3503 1189 3583 pastor
1204 3499 1311 3561 bonus

161 3608 200 3670 ad
216 3608 364 3672 coelestia
379 3630 503 3692 pascua
518 3609 719 3672 introducat.
764 3610 881 3672 Amen.

201 3710 293 3794 Quod
309 3711 391 3794 ipse.

198 3933 365 3992 Benedictio
379 3935 412 3991 de
426 3955 591 4011 quocunque
605 3936 684 3993 beata
698 3955 754 3991 oon
768 3940 902 4009 martyre.

202 4131 380 4195 Benedicat
402 4151 462 4194 vos
486 4131 694 4217 omnipotens
715 4129 817 4206 Deus,
834 4133 1022 4210 sanctaeque
1045 4124 1089 4188 N.
1106 4123 1307 4196 interventu,

164 4235 261 4298 sacris
276 4232 406 4318 repleat
422 4233 615 4298 virtutibus.
659 4235 776 4298 Amen.

200 4339 398 4420 Annuatque
425 4340 472 4411 ut,
496 4335 583 4400 sicut
609 4339 676 4400 haec
704 4339 820 4400 sancta
847 4332 917 4396 siue
945 4329 1118 4416 sanguinis
1146 4322 1305 4389 effusione

242 4439 305 4501 22*
