2940 4996
380 403 506 465 Modus
525 400 734 484 Conficieadi
753 398 923 462 Chrisora.
1168 397 1231 460 261

615 713 687 786 III.

331 934 445 1006 From
461 933 597 1028 Bisbop
616 931 809 1006 oscalatus
830 930 988 1002 Treottse.

617 1151 686 1226 civ.

337 1436 384 1484 DD
409 1434 510 1485 MODO
534 1434 774 1484 consumarem
799 1435 973 1483 sumsuh.

123 1643 246 1706 Eodem
274 1642 327 1707 die
354 1643 396 1706 ad
421 1642 595 1707 introitum
623 1643 742 1718 missae,
766 1642 926 1725 procedat
952 1641 1138 1727 episcopus,
1161 1665 1235 1707 cum

80 1745 291 1831 processione
314 1745 435 1809 festive
457 1745 621 1821 ordinata,
638 1745 680 1808 ad
703 1742 811 1809 altare
835 1745 928 1808 utin
951 1744 1028 1808 aliis
1050 1745 1238 1830 duplicibus

78 1848 188 1913 festis.
232 1847 406 1912 Assistant
428 1848 529 1912 etiam
553 1847 584 1910 ei
610 1847 682 1910 duae
704 1846 746 1910 de
769 1843 1062 1912 excellentioribus
1085 1849 1238 1931 personis

80 1952 115 2014 in
138 1951 231 2033 capis
255 1951 369 2014 sericis
392 1949 435 2014 ad
457 1949 683 2014 deducendum
706 1970 780 2014 eum
804 1949 846 2012 ad
866 1948 985 2026 altare,
1002 1950 1059 2033 qui
1082 1951 1242 2016 intersint

81 2053 293 2129 confessioni,
317 2074 403 2116 unus
426 2075 447 2117 a
464 2052 603 2128 dextris,
626 2052 774 2135 reliquus
798 2072 819 2116 a
841 2051 999 2127 sinistris,
1022 2052 1105 2116 locis
1127 2057 1238 2119 tamen

79 2152 262 2217 reservatis
284 2152 459 2237 principali
482 2152 621 2216 diacono
649 2158 684 2216 et
709 2150 922 2225 subdiacono,
946 2151 1003 2233 qui
1025 2151 1116 2215 facta
1142 2152 1237 2217 abso-

83 2253 210 2319 lutione
236 2255 428 2319 abscedant.
473 2253 601 2319 Deinde
625 2258 806 2339 peragatur
829 2252 1003 2317 servitium
1027 2253 1126 2318 solito
1148 2276 1240 2320 more

85 2377 191 2441 usque
211 2358 254 2420 Te
269 2358 387 2440 ἐρίων.

128 2460 293 2545 Episcopo
316 2460 430 2544 itaque
453 2459 584 2524 dicente
612 2461 656 2524 Te
678 2461 798 2544 igitur,
822 2459 1017 2523 ordinentur
1037 2459 1183 2523 ministri
1206 2460 1239 2523 in

86 2562 227 2627 ecclesia
242 2568 322 2639 tres,
338 2561 517 2634 amictibus
533 2568 568 2627 et
582 2561 669 2626 albis
689 2566 820 2626 tantum
836 2561 954 2637 induti,
971 2561 1038 2627 tria
1054 2561 1244 2628 deferentes

87 2665 219 2740 vexilla,
236 2666 343 2731 etalii
358 2670 427 2730 tres
443 2665 588 2731 ministri
606 2664 735 2730 diaconi
750 2665 850 2728 simili
865 2664 993 2742 habitu,
1006 2665 1115 2730 tribus
1132 2666 1241 2731 sindo-

88 2770 187 2834 nibus
209 2770 376 2852 praecincti
398 2771 555 2833 humeros
578 2768 621 2834 ad
643 2769 857 2833 deferendum
883 2774 953 2834 tres
976 2769 1142 2854 ampullas
1169 2770 1243 2836 oleo

88 2871 206 2956 plenas
228 2871 456 2948 mundissimo,
473 2892 572 2936 unam
594 2871 635 2934 de
658 2871 731 2935 oleo
753 2871 970 2946 infirmorum,
986 2870 1086 2937 aliam
1109 2871 1150 2937 de
1171 2873 1244 2937 oleo

88 2978 215 3050 sancto,
230 2973 367 3038 tertiam
389 2973 432 3037 ad
458 2972 719 3037 consecrandum
734 2973 888 3037 chrisma.
933 2973 1151 3058 Unaquaeque
1174 2996 1244 3040 am·

90 3074 258 3161 pullarum
288 3075 500 3139 discretionis
533 3075 669 3139 titulum
699 3074 823 3139 habeat
856 3095 958 3159 super
988 3096 1023 3138 se
1058 3077 1244 3160 scriptum3

90 3178 208 3262 prima,
231 3177 349 3242 Oleum
372 3177 589 3252 infirmorum,
611 3176 729 3241 Oleum
753 3183 914 3253 sanctum,
938 3175 1102 3242 Obrisma.
1148 3179 1246 3244 Unus

92 3280 192 3345 etiam
223 3281 269 3344 sit
300 3282 336 3344 in
365 3281 452 3346 albis
487 3281 529 3344 ad
559 3281 775 3344 deferendum
808 3280 1061 3345 tabernaculum
1093 3282 1245 3346 sericum.

90 3385 174 3448 Tres
184 3404 313 3468 quoque
323 3384 547 3449 archidiaconi
555 3384 589 3446 in
600 3383 691 3466 capis
703 3383 828 3459 sericis,
839 3383 967 3447 scilicet
981 3382 1245 3462 archidiaconus,

92 3487 276 3563 Berkesire,
288 3491 323 3551 et
337 3487 402 3550 duo
420 3487 490 3550 vice
506 3487 605 3550 unius
620 3485 833 3562 Wiltescire3
856 3486 977 3550 tertius
993 3485 1245 3552 archidiaconus

92 3589 254 3666 Dorsete3
279 3591 423 3676 singulis
447 3590 598 3676 singulas
613 3589 780 3675 ampullas
796 3588 1010 3673 implentibus
1026 3588 1101 3654 oleo
1116 3611 1137 3655 a
1153 3610 1189 3654 se
1204 3592 1247 3656 ad

91 3693 154 3755 hoo
180 3696 408 3775 comparatas;
435 3697 696 3778 percantatoque
725 3693 767 3757 Te
791 3693 900 3775 ipitar
924 3711 1030 3774 usque
1053 3693 1113 3756 sed
1139 3694 1246 3756 veaioe

92 3815 281 3876 quaeamus
298 3794 447 3880 largitor
461 3798 615 3872 admitte,
631 3800 809 3879 antequam
824 3794 964 3871 dicatur,
983 3795 1050 3858 Per
1065 3815 1162 3877 quem
1177 3796 1247 3862 toee

91 3899 207 3960 omnio
230 3897 374 3961 Domine
401 3919 531 3980 seraper
554 3900 642 3961 bonu
664 3918 770 3973 creos,
794 3896 1045 3961 archidiaconus
1067 3896 1247 3963 Berkensis

92 3999 229 4064 accedat
250 4020 311 4084 per
324 4001 469 4065 medium
491 4000 583 4065 chori
599 3999 641 4064 ad
664 3997 781 4075 altare,
797 4018 895 4082 quem
916 3997 1081 4082 pracedat
1095 3999 1248 4065 minister

92 4102 247 4167 deferens
273 4102 382 4166 oleum
408 4103 624 4178 infirmorum,
649 4102 854 4187 praecedente
876 4101 976 4166 etiam
1003 4099 1070 4166 alio
1094 4103 1248 4168 ministro

93 4225 169 4268 cum
184 4204 317 4268 vexillo.

136 4306 264 4370 Deinde
280 4307 456 4392 episcopus
472 4313 525 4373 ter
548 4306 655 4373 crucis
672 4307 803 4392 signum
820 4326 920 4389 snper
942 4305 1124 4390 ampullam
1141 4307 1247 4392 ipsam
