2940 4996
179 381 245 446 326
464 389 507 450 Iu
524 389 752 453 Dedicatione
768 391 935 456 Bautica
951 415 1056 457 nouae.

217 574 300 631 Atia.

219 669 323 747 Deus,
351 673 408 756 qui
436 695 476 736 ex
504 675 592 739 omni
620 675 835 758 coaptatione
867 685 1059 742 sanctorum
1086 684 1250 743 aeternum
1277 678 1337 742 tibi

175 773 289 837 condis
305 775 558 854 habitaculum3
582 779 626 842 da
642 779 853 844 aedificationi
868 785 934 845 tuae
950 781 1161 846 incrementa
1176 782 1335 856 coelestia,

173 881 210 939 ut
240 898 381 959 quorum
412 879 466 943 hic
496 879 658 963 reliquias
689 882 744 965 pio
775 904 888 947 amore
919 884 1186 969 complectimur,
1218 904 1330 948 eorum

174 1001 305 1065 semper
320 982 451 1047 meritis
467 984 674 1067 adjuvemur.
721 986 794 1049 Per.

214 1083 256 1141 Et
270 1085 401 1162 reliquiae
416 1094 545 1144 tenentur
558 1088 591 1144 in
605 1087 748 1144 munibus.

210 1177 309 1237 Lectio
323 1181 357 1238 de
371 1182 495 1258 apostolo
509 1184 646 1259 sequitur.

212 1275 489 1355 Responsorium.
535 1277 643 1341 Locus
659 1278 724 1342 iste
740 1299 762 1342 a
777 1276 848 1344 Deo
865 1280 985 1345 factus.

221 1379 259 1440 V.
304 1378 406 1455 Deus,
423 1382 477 1443 cui
492 1381 607 1446 adstat
622 1381 830 1467 angelorum.

213 1481 379 1568 Alleluya.
427 1484 583 1549 Adorabo
599 1484 641 1549 ad
657 1484 830 1568 templum.

210 1587 311 1642 Postea
326 1586 513 1662 evangelium.

210 1680 253 1737 Et
267 1682 393 1739 oratione
407 1703 490 1759 super
504 1683 598 1741 oblata
604 1682 698 1760 factu,
711 1705 766 1761 per
778 1685 884 1758 Amen,
899 1685 1008 1743 dicitur
1022 1686 1083 1744 ulta
1098 1708 1170 1746 voce.

215 1777 366 1840 Oremus.

211 1881 313 1956 Deus,
331 1882 634 1946 sanctificationum
652 1884 864 1967 omnipotens
881 1885 1080 1960 dominator,
1098 1887 1197 1969 cujus
1221 1888 1328 1972 pietas

170 1985 240 2046 sine
256 1985 322 2047 fine
347 1985 493 2049 sentitur
505 2009 513 2061 ;
537 1986 641 2062 Deus,
658 1987 715 2069 qui
740 1987 889 2051 coelestia
914 1987 1013 2052 simul
1031 1993 1067 2052 et
1082 1994 1221 2053 terrena
1245 2012 1329 2055 com·

167 2087 338 2168 plecteris,
357 2108 495 2151 servans
518 2088 782 2152 misericordiam
806 2096 898 2154 tuam
915 2090 1038 2174 populo
1061 2094 1122 2154 tuo
1143 2093 1328 2157 ambulanti

169 2195 246 2253 ante
260 2197 474 2274 conspectum
492 2191 607 2276 gloriae
621 2197 684 2255 tuae
698 2216 704 2267 ;
728 2193 848 2255 exaudi
862 2213 978 2275 preces
996 2213 1168 2256 servorum
1182 2199 1328 2272 tuorum,

167 2300 205 2358 ut
229 2295 298 2358 sint
320 2295 408 2358 oculi
435 2296 485 2358 tui
510 2296 619 2379 aperti
647 2317 748 2380 super
774 2296 908 2359 domum
934 2297 1031 2359 istam
1060 2297 1114 2359 die
1141 2318 1181 2361 ac
1208 2305 1326 2364 nocte:

166 2398 316 2481 hancque
340 2399 513 2462 basilicam
538 2400 713 2462 inhonore
737 2400 846 2462 sancti
869 2399 920 2462 tui
943 2400 1017 2474 aa,
1035 2399 1140 2463 saeris
1157 2404 1326 2486 mysteriis

166 2503 366 2577 institutam,
384 2502 666 2566 clementissimus
688 2502 815 2579 dedica,
832 2503 1011 2566 miserator
1027 2502 1175 2580 illustra,
1192 2507 1326 2591 proprio

166 2606 342 2690 splendore
359 2606 516 2682 clarifica,
533 2628 729 2689 omnemque
746 2607 913 2671 hominem
929 2607 1119 2670 venientem
1135 2608 1278 2674 adorare
1293 2611 1324 2672 in

165 2710 226 2770 hoc
257 2709 329 2770 loco
360 2708 514 2791 placatus
542 2709 693 2783 admitte,
721 2709 888 2792 propitius
916 2708 1054 2792 dignare
1082 2710 1263 2793 respicere,
1290 2718 1323 2775 et

164 2817 302 2896 propter
317 2833 436 2873 nomeu
453 2817 546 2876 tuum
573 2834 740 2896 magnum,
758 2812 955 2875 manuforti
979 2817 1013 2876 et
1028 2811 1167 2876 brachio
1191 2814 1321 2878 excelso

164 2917 197 2978 in
229 2917 290 2978 hoe
324 2914 520 2978 habitaculo
557 2915 787 2999 supplicantes
823 2913 931 2978 libens
964 2918 1116 2999 protege,
1148 2915 1324 3001 dignanter

163 3019 292 3095 exaudi,
311 3025 434 3083 aeterna
448 3018 643 3081 defensione
660 3038 820 3080 conserva
836 3021 874 3080 ut
898 3037 1029 3101 semper
1043 3016 1160 3082 felices
1178 3041 1319 3105 semper·

161 3146 225 3206 que
250 3129 308 3187 tua
328 3122 491 3207 religione
519 3120 684 3195 laetantes,
708 3125 904 3183 constanter
930 3120 964 3183 in
992 3126 1115 3184 sanctae
1144 3120 1318 3189 Trinitatis

162 3227 237 3290 fidei
254 3226 429 3290 Catholica
445 3228 674 3309 perseverent.
718 3223 794 3285 Per.

200 3328 266 3386 Huc
280 3330 406 3386 oratioue
414 3329 515 3404 finita,
533 3327 688 3402 offeruntur
701 3324 862 3383 oblationes.

206 3430 264 3508 Off.
310 3425 450 3489 Domine
467 3423 570 3497 Deus,
589 3422 622 3484 in
639 3420 864 3505 simplicitate.

210 3531 247 3592 V.
294 3528 391 3592 Fecit
408 3525 576 3590 Salomon.

201 3633 292 3710 Super
306 3632 408 3689 obluta.

201 3730 293 3792 Deus
321 3728 484 3790 virtutum
508 3724 702 3799 coelestium,
727 3723 784 3806 qui
810 3722 844 3787 in
870 3723 959 3785 omni
982 3722 1055 3786 loco
1079 3722 1314 3790 dominationis

157 3842 221 3897 tuae
239 3838 330 3896 totus
345 3830 480 3893 assistis
494 3834 528 3892 et
540 3834 633 3892 totus
649 3828 811 3912 operaris,
824 3831 963 3910 accepta
973 3820 1181 3891 ‘sacrificium
1195 3828 1314 3893 nomini

156 3945 213 4000 tuo
237 3936 402 4018 benignus
427 3931 598 4008 oblatum3
623 3936 656 3994 ct
684 3930 787 4012 hujus
814 3930 943 4005 domus,
967 3930 1063 4012 cujus
1087 3949 1124 3993 es
1147 3931 1313 4006 fundator,

153 4046 226 4104 esto
247 4044 429 4123 protector.
477 4035 584 4099 Nulla
606 4035 660 4098 hic
682 4033 831 4097 fidelium
857 4033 946 4097 votis
970 4033 1124 4115 nequitia
1142 4036 1313 4100 contraria

154 4141 332 4224 potestatis
356 4139 511 4213 obsistat,
527 4144 565 4201 ut
582 4138 704 4202 virtute
723 4137 837 4200 Sancti
862 4135 1008 4221 Spiritus
1029 4135 1090 4199 fiat
1112 4136 1167 4200 hic
1185 4158 1313 4224 semper

154 4244 371 4307 servientium
387 4242 448 4306 tibi
465 4241 586 4304 devota
600 4240 751 4304 libertas.
797 4241 872 4303 Per.

192 4351 276 4407 Alto.

192 4449 309 4511 Altare
341 4451 446 4519 tuum,
474 4442 625 4516 Domine,
655 4440 828 4506 sacrificiis
859 4440 1050 4504 coelestibus
1080 4439 1302 4505 inchoandum
