2940 4996
153 406 216 470 388
262 407 312 471 De
331 407 507 473 Ueteribus
530 408 809 472 Veatimcotorum
826 409 862 469 in
878 405 973 470 Ecoi.
992 402 1194 468 Euoaieoat.

698 581 760 645 VI.

194 753 444 821 Ecclesiastical
462 754 602 821 Colonra
618 755 797 840 according
812 759 847 818 to
863 754 921 819 the
937 751 1009 819 Use
1024 734 1062 815 of
1081 749 1206 817 Exeter
1218 745 1310 807 from

155 856 241 920 MSS
257 858 294 922 of
313 858 370 923 the
392 859 487 923 xivth
504 859 569 924 and
592 860 674 925 xvth
699 854 1003 940 Century,namely
1020 855 1077 917 the
1100 846 1311 921 Pontifioals,

154 963 336 1028 numbered
359 964 488 1040 XXVI,
512 964 678 1040 XXVIII,
695 964 759 1029 and
782 961 904 1030 XXIX
926 963 960 1025 in
983 960 1040 1025 the
1064 958 1123 1022 list
1145 956 1245 1042 given
1270 956 1309 1016 at

152 1089 173 1153 p
190 1090 211 1133 x
227 1068 334 1135 nithe
350 1068 498 1135 Preface.

190 1272 239 1336 De
249 1272 417 1341 coloribus
430 1274 701 1339 vestimentorum
713 1271 893 1340 secundum
903 1271 1087 1337 Romanam
1098 1266 1302 1340 Ecclesiam,

235 1377 366 1462 quando
388 1383 422 1443 et
438 1378 570 1462 quoties
584 1400 644 1462 per
656 1399 780 1446 annum
797 1377 899 1442 variis
915 1375 1083 1441 coloribus
1098 1373 1133 1440 in
1149 1370 1306 1459 Ecclesia

246 1480 406 1544 utendum
424 1487 487 1549 est.

137 1654 141 1660 ,
219 1584 504 1648 Deolbooolorc.

192 1685 299 1753 Albus
315 1686 405 1751 color
420 1688 511 1752 inter
523 1709 636 1753 omnes
652 1688 781 1754 colores
797 1692 850 1755 est
865 1690 968 1776 prior,
979 1685 1104 1772 purior,
1118 1682 1305 1769 simplicior

246 1797 281 1853 et
296 1791 468 1869 festivior;
491 1793 566 1856 ideo
584 1793 728 1859 utendus
744 1798 808 1870 est,

193 1893 233 1956 ln
249 1894 301 1957 die
318 1895 454 1960 Natalis
470 1895 605 1962 Domini
622 1903 760 1982 propter
776 1897 928 1983 Virginis
942 1901 1096 1986 partum:
1180 1958 1182 1961 .

138 2007 140 2009 ’
192 1999 235 2062 Et
250 1999 284 2061 ih
300 1998 353 2062 die
371 2000 478 2063 sancti
493 2000 514 2062 J
517 2002 660 2067 ohannis
676 2001 953 2089 Evangelistae.et
966 1998 1141 2084 Virginis:

196 2103 241 2166 Et
257 2110 352 2168 sexta
367 2105 420 2168 die
437 2105 594 2170 Natalis:

73 2193 77 2201 ⁵
191 2209 236 2273 Et
252 2209 286 2272 in
303 2209 355 2272 die
373 2208 664 2274 Circumcisionis:

191 2313 238 2376 Et
255 2315 290 2377 in
307 2313 434 2378 Octava
452 2314 484 2377 S.
500 2314 521 2376 J
524 2314 685 2378 ohannis:

195 2418 234 2481 In
251 2417 380 2504 Vigilia
395 2423 430 2482 et
444 2418 479 2482 in
495 2418 548 2481 die
565 2426 599 2482 et
614 2440 674 2504 per
689 2423 778 2487 totas
795 2418 940 2484 Oetaeas
955 2417 1172 2503 Epiphaniae:

193 2522 233 2585 In
250 2522 494 2598 Purifioatione,
511 2528 545 2586 et
566 2523 720 2586 omnibus
736 2523 849 2588 Festis
865 2529 900 2587 et
923 2520 1307 2587 Commemorationibus

249 2631 284 2688 et
300 2626 435 2689 Octavis
451 2628 556 2689 heatae
573 2627 709 2691 Mariae:

188 2729 227 2792 In
243 2727 296 2790 die
314 2726 418 2790 Ooenae
436 2729 578 2805 Domini,
596 2735 732 2813 propior
748 2730 1033 2794 consecrationem
1051 2729 1250 2797 chrismatis
1271 2734 1307 2793 et

247 2833 496 2897 institutionem
512 2833 734 2898 Eucharistiae
750 2839 785 2898 et
799 2834 959 2899 lotionem
976 2833 1118 2919 pedum:

194 2935 240 2999 Et
270 2936 304 2997 in
335 2936 464 3021 Vigilia
491 2938 626 3002 Paschae
652 2943 687 3005 et
709 2960 769 3023 per
795 2944 887 3004 totas
910 2937 1066 3013 Octavas,
1089 2941 1124 3003 et
1150 2940 1307 3001 omnihus

248 3035 431 3100 Dominicis
462 3042 497 3100 et
527 3038 635 3106 Feriis
669 3061 776 3122 usque
810 3040 852 3103 ad
885 3039 1124 3103 Ascensionem
1158 3037 1307 3115 Domini,

248 3145 387 3222 propter
402 3146 542 3204 renatos
558 3147 593 3206 ct
609 3142 766 3227 gaudium
785 3142 1061 3205 resurrectionis:

197 3245 241 3308 Et
256 3245 289 3307 in
306 3245 358 3308 die
375 3250 410 3308 et
424 3266 484 3328 per
500 3246 645 3312 Octavas
665 3246 894 3322 Ascensionis,
909 3252 1049 3331 propter
1064 3246 1148 3309 duos
1164 3244 1257 3308 viros
1273 3247 1310 3310 in

250 3348 337 3414 albis
354 3349 575 3412 assistentes:

197 3451 243 3514 Et
268 3453 302 3513 in
326 3451 426 3515 Festo
449 3451 649 3515 Natiuitatis
674 3452 782 3516 sancti
808 3452 973 3515 Johannis
1000 3451 1161 3536 Baptista
1187 3457 1221 3515 et
1246 3474 1310 3536 per

250 3556 394 3619 Octavas
409 3554 567 3638 ejusdem,
584 3560 720 3640 propter
735 3556 809 3638 ejus
825 3556 1044 3620 munditiam:

197 3659 240 3722 Et
263 3659 296 3721 in
320 3660 423 3723 Festo
447 3665 482 3722 et
504 3680 564 3743 per
585 3660 730 3722 Octavas
753 3660 984 3735 Eucharistiae,
1006 3660 1085 3743 quia
1107 3659 1232 3723 candor
1255 3668 1310 3725 est

250 3764 336 3827 lucis
353 3771 503 3827 aeternae:

195 3867 239 3931 Et
254 3869 288 3930 in
304 3868 356 3931 die
374 3868 502 3931 Sanctae
519 3867 714 3932 Trinitatis:

197 3973 239 4035 Et
255 3971 289 4033 in
305 3970 417 4034 Fastis
433 3970 639 4055 Angelorum
656 3971 907 4056 etVirginum:

194 4074 240 4138 Et
251 4076 434 4139 secundum
446 4077 629 4140 Romanam
640 4075 773 4157 Curiam
784 4076 818 4137 in
829 4076 930 4139 Festo
942 4076 1087 4139 omnium
1106 4076 1303 4142 Sanctorum

249 4179 335 4243 albis
352 4184 404 4242 est
419 4178 598 4243 utendum:

196 4284 244 4345 Ac
267 4284 367 4346 etiam
390 4284 425 4346 in
449 4282 665 4346 Dedicatione
681 4281 838 4347 Ecclesia
860 4288 894 4347 et
917 4305 977 4366 per
1001 4284 1145 4348 Octavas
1166 4294 1303 4370 propter

249 4387 386 4470 nuptias
403 4386 527 4450 Christi
545 4391 578 4448 et
595 4384 764 4450 Ecclesiae.
