2940 4996
488 393 538 456 De
557 394 742 457 Ordinibus
760 396 990 478 Conferendis.

306 797 469 864 ORATIO
493 799 554 862 AD
577 799 889 866 ORDINANDUM
915 800 1170 866 DIAOONUM.

204 1014 353 1091 Oremus,
370 1016 588 1093 dilectissimi,
602 1017 709 1081 Deum
725 1019 859 1084 Patrem
876 1020 1148 1103 omnipotentem,
1161 1027 1201 1083 ut
1217 1037 1312 1103 super

159 1119 247 1181 hunc
281 1119 441 1182 famulum
473 1140 579 1195 suum,
611 1142 710 1204 quem
744 1122 778 1184 in
809 1142 939 1185 sacrum
975 1122 1125 1185 ordinem
1156 1121 1313 1206 dignatur

159 1242 340 1297 assumere,
353 1223 593 1286 benedictionis
607 1244 673 1287 suae
688 1224 833 1308 gratiam
848 1223 1031 1287 clementer
1046 1223 1209 1298 effundat,
1221 1223 1314 1306 eique

158 1323 280 1387 donum
303 1324 563 1388 consecrationis
593 1325 776 1411 indulgeat,
803 1347 862 1410 per
888 1326 975 1410 quod
1005 1348 1081 1389 eum
1108 1326 1150 1390 ad
1178 1325 1312 1408 praemia

158 1433 282 1491 aeterna
312 1428 480 1512 perducat,
512 1427 695 1491 auxiliante
729 1429 873 1493 Domino
904 1434 1019 1493 nostro
1052 1427 1137 1493 Jesn
1168 1427 1313 1493 Christo.

159 1528 220 1612 Qui
236 1551 310 1593 cum
326 1551 365 1593 eo
381 1530 465 1594 vivit
482 1539 516 1593 et
532 1536 652 1614 regnat
665 1529 768 1594 Deus.
815 1533 890 1596 Per.

694 1634 721 1689 A
728 1633 776 1691 ita.

200 1723 340 1800 Exaudi,
363 1724 513 1800 Domine,
537 1746 654 1808 preces
681 1736 826 1802 nostras,
851 1733 885 1791 et
910 1748 1010 1811 snper
1035 1727 1123 1790 hunc
1147 1725 1311 1790 famulum

157 1833 251 1892 tuum
276 1828 437 1911 Spiritum
460 1832 526 1891 tuae
548 1829 788 1893 benedictionis
811 1830 937 1906 emitte,
960 1836 998 1894 ut
1021 1831 1147 1894 coelesti
1176 1851 1312 1894 munere

156 1932 294 2006 ditatus,
310 1937 344 1996 et
368 1938 431 1995 tuae
454 1933 598 2016 gratiam
621 1933 729 2015 possit
751 1935 939 2016 majestatis
962 1933 1147 2017 acquirere,
1172 1940 1208 1998 et
1230 1935 1311 1997 bene

156 2035 288 2098 vivendi
304 2033 380 2097 aliis
397 2034 583 2116 exemplum
599 2037 756 2117 praebere.
804 2037 878 2099 Per.

692 2136 777 2194 Alta.

201 2232 301 2306 Deus,
331 2232 386 2315 qni
422 2252 458 2292 es
488 2230 638 2295 conlator
670 2253 838 2296 sacrarum
870 2232 1067 2317 magnificus
1096 2231 1310 2316 dignitatum,

157 2353 345 2417 quaesumus
360 2339 398 2397 ut
410 2334 498 2395 hunc
513 2332 674 2397 famulum
691 2340 794 2410 tuum,
808 2356 905 2417 quem
922 2335 964 2399 ad
976 2334 1119 2398 officium
1131 2334 1310 2399 levitarum

157 2457 274 2500 vocare
291 2435 451 2519 dignane,
465 2435 583 2498 altaris
601 2437 707 2499 sancti
723 2436 943 2501 ministerium
960 2437 1092 2501 tribuas
1110 2438 1313 2502 sufficienter

158 2541 307 2623 implere,
332 2540 525 2623 cunctisque
552 2539 648 2601 donis
672 2540 790 2623 gratiae
816 2540 1070 2616 redundantem,
1095 2547 1131 2603 et
1157 2540 1310 2605 fiduciam

160 2645 224 2708 sibi
246 2648 310 2706 tuae
326 2642 515 2725 majestatis
539 2643 709 2725 acquirere
726 2649 760 2706 et
775 2643 852 2706 aliis
867 2645 1014 2727 praebere
1036 2644 1143 2708 facias
1158 2647 1312 2728 perfecta

158 2745 343 2810 devotionis
360 2744 559 2828 exemplum.
606 2746 679 2807 Per.

661 2845 846 2905 Consecrotio.

200 2940 336 3014 Adesto,
360 2960 558 3023 quaesumus,
583 2940 791 3023 omnipotens
814 2939 915 3017 Deus,
938 2942 1100 3005 honorum
1124 2943 1234 3020 dator,
1258 2965 1306 3007 or-

155 3045 269 3107 dinum
286 3043 496 3115 distributor,
514 3041 759 3119 officiorumque
775 3041 966 3126 dispositor,
981 3043 1038 3126 qui
1061 3043 1096 3106 in
1119 3049 1154 3107 te
1171 3066 1306 3109 manens

156 3148 296 3210 innovas
319 3145 440 3217 omnia,
462 3148 497 3205 et
519 3149 639 3206 cuncta
661 3143 841 3225 disponens
864 3165 924 3228 per
945 3143 1106 3220 Verbum,
1131 3145 1308 3224 Virtutem,

157 3247 426 3332 Sapientiamque
443 3252 546 3319 tuam,
562 3245 678 3308 desum
695 3245 864 3308 Christum
880 3246 1003 3309 Filium
1019 3251 1115 3310 tuum
1131 3247 1306 3312 Dominum

155 3359 316 3426 nostrum,
333 3349 536 3432 sempiterna
551 3348 761 3432 providentia
776 3369 954 3433 praeparas,
967 3355 1002 3412 et
1017 3349 1160 3434 singulis
1176 3354 1309 3436 quibus·

155 3477 219 3539 que
242 3454 449 3535 temporibus
471 3451 618 3534 aptanda
641 3451 835 3533 dispensas:
858 3449 955 3533 cujus
977 3472 1109 3536 corpus,
1125 3453 1307 3521 Ecclesiam

156 3568 248 3621 tuam
276 3554 460 3619 coelestium
485 3553 672 3636 gratiarum
703 3553 866 3616 varietate
893 3553 1084 3618 distinctam
1112 3575 1310 3642 suorumque

155 3657 355 3722 discretione
371 3656 603 3727 membrorum,
617 3674 677 3736 per
693 3653 800 3737 legem
818 3655 1004 3718 mirabilem
1021 3656 1127 3720 totius
1139 3661 1308 3744 compagis

156 3761 318 3823 unitatem
329 3758 363 3820 in
374 3762 590 3841 augmentum
601 3755 717 3839 templi
727 3754 778 3818 tui
789 3777 940 3819 creseere
951 3757 1153 3841 dilatarique
1164 3757 1309 3846 largiris,

156 3863 243 3926 sacri
259 3860 407 3923 muneris
431 3859 627 3922 servitutem
644 3857 743 3921 trinis
758 3858 920 3942 gradibus
943 3860 1172 3924 ministrorum
1188 3865 1311 3927 nomini
1378 3874 1381 3881 '

154 3972 213 4028 tuo
236 3963 429 4026 ministrare
453 3961 684 4035 constituens;
709 3960 827 4023 electis
851 3961 893 4024 ab
915 3961 1013 4024 initio
1035 3960 1118 4025 Levi
1142 3964 1234 4041 filiis,
1256 3967 1309 4050 qui

153 4065 305 4148 mysticis
321 4064 571 4148 operationibus
586 4063 703 4125 domus
728 4067 791 4124 tuae
811 4061 966 4125 fidelibus
987 4064 1137 4129 excubiis
1157 4087 1308 4151 perman·

155 4175 259 4241 entes,
298 4167 518 4229 hereditatem
557 4163 799 4228 benedictionis
836 4168 966 4227 aeternae
1012 4171 1103 4230 sorte
1148 4177 1310 4254 perpetua

154 4273 382 4355 possiderent;
408 4292 507 4354 super
531 4272 617 4332 hunc
642 4290 772 4352 quoque
795 4267 957 4331 famulum
982 4277 1085 4346 tuum,
1109 4292 1308 4354 quaesumus,
