2940 4996
451 426 543 491 Ordo
558 427 765 493 Incladencli
782 429 967 495 Famulam
982 433 1059 497 Dei.
1290 443 1333 505 83

166 615 263 675 tuum
290 611 348 695 qui
369 615 482 677 tecum
507 614 590 679 vivit
616 621 651 679 et
671 623 792 701 regnat
818 617 853 680 in
877 618 1006 684 unitate
1028 619 1173 706 Spiritus
1201 626 1326 705 Sancti,

171 713 276 789 Deus,
292 732 363 797 per.

209 813 271 871 Hic
285 813 457 873 benedicitur
468 815 602 887 velamen,
618 823 643 874 et
657 816 744 875 datar
758 818 910 879 benedictio
923 821 1082 881 velaminis.

215 907 351 974 Salvam
365 909 420 973 fac
435 909 592 975 ancillam
608 918 714 976 tuam.

214 1009 316 1075 Mitte
332 1010 363 1074 ei
379 1010 539 1075 auxilium
554 1012 595 1077 de
612 1018 736 1077 sancto.

211 1112 309 1177 Nihil
325 1112 478 1197 proficiat
492 1114 645 1180 inimicus
660 1116 695 1178 in
711 1136 761 1179 ea.

212 1214 297 1279 Esto
313 1215 354 1292 ei,
369 1213 521 1293 Domine,
536 1216 642 1281 turris
656 1216 873 1284 fortitudinis.

211 1315 365 1394 Domine,
381 1317 510 1381 exaudi.

210 1417 375 1484 Dominus
390 1418 571 1483 vobiscum.

212 1519 365 1587 Oremus.

214 1624 348 1688 Oratio.
392 1621 531 1707 Signum
553 1621 688 1687 Domini
709 1623 816 1686 nostri
835 1623 918 1688 lesu
941 1624 1067 1690 Christi
1088 1627 1205 1696 damus
1228 1652 1327 1719 super

166 1729 230 1793 hoc
241 1726 404 1803 velamen,
417 1727 460 1793 ad
474 1727 726 1792 custodiendum
738 1727 886 1791 divinum
898 1731 1116 1813 propositum,
1129 1739 1167 1799 ut
1182 1736 1326 1823 Spiritus

169 1828 314 1895 Sanctus
328 1835 447 1914 regnet
468 1829 503 1892 in
518 1830 616 1894 corde
638 1835 673 1894 et
694 1829 729 1892 in
745 1849 882 1913 corpore
897 1837 933 1894 et
955 1831 1162 1918 inoperibus
1185 1841 1326 1927 suscipi-

167 1932 267 1997 entis.
313 1931 378 1994 Per
392 1929 533 1994 eundem
549 1930 729 1996 Christum.

210 2037 416 2121 Quaesumus,
443 2036 652 2119 omnipotens
678 2035 788 2110 Pater,
816 2033 873 2117 qui
899 2055 959 2119 per
983 2036 1160 2122 legiferum
1185 2041 1325 2127 Moysen

166 2137 330 2202 famulum
352 2144 447 2201 tuum
462 2136 512 2200 uti
535 2135 625 2200 linea
639 2135 674 2198 in
696 2134 883 2198 ministerio
898 2135 1015 2219 prisea
1031 2138 1117 2224 legis
1141 2141 1203 2206 sub
1218 2145 1329 2230 typica

161 2238 316 2322 jussione
331 2231 497 2323 praecepta
517 2236 660 2313 dedisti3
683 2237 746 2299 hoc
761 2235 886 2298 lineum
901 2236 1053 2302 velamen
1076 2260 1269 2308 consecrare
1293 2255 1328 2310 et

164 2340 415 2427 sauctifflfieare
442 2360 480 2403 ac
503 2336 738 2414 beneffldioere
768 2344 828 2400 tua
850 2336 976 2421 pietate
1001 2341 1168 2424 digneris3
1195 2348 1235 2411 ut
1257 2347 1325 2411 haee

164 2443 293 2508 famula
322 2446 382 2506 tua
410 2446 512 2505 exuta
538 2441 581 2506 ab
611 2439 700 2504 omni
726 2439 822 2502 sorde
849 2439 1015 2517 vitiorum,
1042 2464 1114 2527 quae
1143 2445 1206 2510 hoc
1236 2451 1328 2534 cupit

162 2547 311 2622 induere,
327 2564 401 2607 cum
416 2543 608 2607 indumento
631 2545 821 2606 sanctarum
843 2540 1015 2621 virtutum,
1031 2545 1093 2609 hoc
1107 2546 1274 2627 induatur,
1290 2560 1327 2618 et

161 2651 206 2713 ab
221 2647 312 2712 omni
325 2645 576 2733 perturbatione
590 2642 703 2708 callidi
724 2642 928 2707 insidiatoris
943 2645 1097 2731 deinceps
1112 2656 1273 2733 protecta,
1288 2655 1323 2718 in

161 2751 306 2818 ecclesia
319 2754 379 2814 tua
394 2753 510 2814 sancta
525 2747 566 2812 de
581 2747 634 2812 die
649 2747 684 2809 in
699 2745 786 2809 diem
801 2751 989 2811 renovetur.
1033 2750 1098 2816 Per
1111 2750 1301 2821 Dominum.

200 2853 263 2912 Hic
272 2859 363 2930 ponat
375 2851 509 2910 velamen.

205 2948 319 3012 Exuat
348 2950 383 3011 te
413 2943 577 3009 Dominus
606 2945 754 3006 veterem
783 2940 950 3005 hominem
981 2963 1053 3007 eum
1084 2946 1214 3012 actibus
1244 2951 1324 3016 suis.

160 3053 281 3117 Amen.
326 3047 451 3112 Induat
475 3050 510 3112 te
536 3043 699 3109 Dominus
725 3063 847 3107 novum
874 3044 1039 3108 hominem
1066 3049 1122 3130 qui
1146 3053 1324 3117 secundum

159 3152 271 3217 Deum
285 3151 398 3216 iactus
414 3152 468 3213 est
482 3148 517 3211 in
535 3147 715 3212 sanctitate
731 3148 766 3209 et
775 3144 913 3227 justitia
927 3146 1091 3213 veritatis.

204 3254 309 3331 Deus,
332 3252 390 3338 qui
412 3272 479 3316 non
505 3250 556 3314 vis
579 3257 721 3313 mortem
742 3248 927 3332 peccatoris
955 3249 1013 3311 sed
1038 3251 1267 3333 poenitentiam
1290 3262 1326 3320 ct

160 3355 429 3423 emendationem
464 3371 595 3436 semper
627 3349 818 3425 desideras;
851 3349 1082 3415 misericordiae
1115 3351 1322 3421 elementiam

160 3458 360 3544 suppliciter
382 3453 613 3540 imploramus,
636 3458 675 3515 ut
697 3451 774 3516 huic
795 3451 925 3515 famula
949 3459 1013 3515 tuae
1037 3453 1249 3519 saecularibus
1273 3479 1324 3520 re-

159 3559 333 3626 nuntianti
363 3556 565 3641 [desideriis]
595 3555 689 3639 large
719 3553 862 3638 gratiam
891 3562 955 3618 tuae
985 3553 1122 3639 pietatis
1150 3556 1325 3624 infundere

159 3661 323 3748 digneris,
340 3664 508 3745 quatenus
522 3657 558 3720 in
581 3656 701 3720 eastris
724 3656 792 3719 tuis
814 3656 951 3732 inserta,
974 3656 1035 3720 tibi
1058 3656 1240 3735 militando,
1257 3670 1324 3726 sta-

161 3765 257 3830 dium
282 3763 358 3827 vitae
389 3759 565 3846 praesentis
591 3777 783 3842 percurrere
810 3757 930 3833 valeat,
955 3765 994 3821 ut
1019 3758 1170 3822 bravium
1196 3769 1324 3829 aeternae

157 3865 441 3934 remunerationis
457 3869 492 3929 te
508 3863 651 3927 donante
667 3861 838 3946 percipiat.
884 3861 948 3926 Per
961 3860 1148 3926 Dominum.

198 3971 271 4030 Post
283 3970 341 4041 ltoc,
357 3968 484 4045 incipiat
496 3965 623 4024 sacerdos
637 3965 785 4042 hymnam.

202 4064 294 4129 Veni
310 4063 451 4127 Creator
466 4060 620 4145 Spiritus.

209 4167 251 4230 V.
298 4164 426 4230 Emitte
443 4163 603 4247 Spiritum
618 4165 712 4225 tuum
727 4171 759 4225 et
774 4172 896 4226 cetera.

208 4269 249 4332 V.
299 4267 434 4332 Salvam
448 4265 501 4330 fac
516 4262 672 4329 ancillam
687 4268 791 4328 tuam.

248 4369 310 4433 10*
