2940 4996
499 376 683 439 Ordinatio
701 377 960 458 Acolytlcoram.
1270 377 1312 438 13

160 557 257 611 tenus
274 548 314 611 od
330 554 486 611 aeternam
502 548 799 612 remunerationem
815 548 987 629 pervenire
1004 553 1203 612 mereantur.
1250 549 1313 612 Per

158 651 300 713 eundem
316 650 504 713 Dominum.

211 753 252 810 Et
278 761 353 823 nota,
376 751 450 828 qnod
472 751 590 828 qnidam
617 751 747 828 episcopi,
770 759 833 809 ante
860 753 902 808 nel
918 761 982 828 post
1005 753 1149 829 quemlibet
1176 753 1312 823 ordinem,

158 848 342 923 alloquantur
357 846 500 904 ordinatos
519 854 544 904 et
563 847 707 904 instruant
727 846 760 903 de
780 867 875 903 corant
895 847 991 922 officio,
1006 847 1175 905 exhortando
1195 848 1234 904 ad
1250 849 1313 905 bene

149 943 320 1020 faciendam
341 952 367 1001 et
377 965 433 1021 pro
453 965 483 1001 eo
501 943 650 1012 orandam,
672 951 697 1000 et
716 943 776 1020 ipsi
795 963 913 1001 ananam
934 946 992 1020 ejas
1016 945 1185 1014 osculantur,
1205 953 1230 1002 et
1253 946 1313 1022 ipsc

158 1039 199 1096 eis
214 1039 356 1096 benedicat
369 1039 402 1095 in
415 1059 527 1096 recessa.

218 1132 307 1203 Tunc,
335 1134 403 1190 lecta
425 1134 537 1191 lectione
555 1141 657 1209 quanta
679 1141 704 1189 et
724 1132 809 1189 dictis
832 1132 949 1208 ycadali
971 1142 996 1190 et
1020 1135 1153 1205 oratione,
1172 1136 1314 1212 episcopas

159 1249 311 1286 convocans
331 1228 370 1284 ad
389 1249 416 1285 se
436 1228 582 1305 acolythos,
603 1227 736 1303 injunyat
754 1226 793 1284 eis
819 1227 914 1283 Horas
937 1228 1019 1285 beatae
1042 1229 1169 1304 Viryinis
1190 1232 1314 1307 qnotidie

158 1323 302 1393 dicandas,
317 1331 342 1381 et
355 1324 429 1400 qaod
442 1331 518 1381 orent
526 1344 582 1399 pro
596 1344 633 1393 ea,
646 1321 759 1399 aliquid
772 1330 876 1379 certans
889 1323 916 1380 si
928 1324 1046 1381 voluerit
1059 1325 1234 1401 imponendo.

200 1418 312 1475 Deinde
326 1418 403 1475 dicat
416 1418 640 1475 archidiaconns.

205 1513 377 1578 Decedant
393 1513 449 1598 qui
465 1513 607 1576 ordinati
624 1515 702 1575 sunt
717 1512 883 1596 Acolythi.

207 1614 287 1673 Tana
311 1616 419 1691 leaatac
443 1615 521 1673 lectio
542 1613 651 1691 quinta,
675 1613 806 1692 Angelus
831 1614 958 1673 Domini.
1002 1615 1065 1687 Qua
1087 1617 1165 1692 lecta,
1185 1630 1316 1697 sequatur

162 1713 283 1772 Tractus
296 1712 339 1769 ael
354 1711 492 1770 Alleluia.

403 1809 531 1872 Postea
546 1809 642 1871 dicat
657 1808 844 1888 episcopas.
889 1807 958 1871 Pax
972 1810 1074 1873 vobis.

202 1910 246 1968 Et
267 1909 344 1967 dicat
372 1911 535 1981 orationem,
552 1909 629 1968 Deus
647 1911 697 1986 qui
718 1911 813 1969 tribus
832 1912 930 1988 pueris
952 1920 976 1969 et
994 1914 1147 1971 orationem
1164 1935 1219 1992 pro
1240 1918 1315 1974 ordi-

160 2007 280 2076 nandis,
294 2006 344 2063 sul>
357 2027 412 2064 ano
427 2005 483 2065 Per
498 2005 662 2065 Dominum.
