2940 4996
235 407 299 471 202
486 398 490 405 ’
644 409 687 471 In
707 410 810 474 Coeno
826 409 976 472 Domini.

235 613 404 697 prophetae
429 635 615 678 sermonem
639 614 763 698 septies
785 615 927 679 linctum
950 635 971 678 a
985 612 1081 698 lepra
1104 611 1242 688 sanasti,
1260 616 1299 675 ut
1319 631 1396 674 caro

235 716 309 797 ejus
328 717 419 780 <sicut
433 738 510 781 caro
533 717 771 782 restitueretur
794 717 908 801 pueri;
932 736 1131 800 quaesumus,
1148 720 1187 779 ut
1209 717 1273 778 boc
1297 715 1396 777 bene-

236 818 375 882 dicendo
392 818 578 883 sanctifices
595 819 715 894 oleum,
732 825 770 884 ut
786 820 831 884 sit
846 818 995 903 perfecta
1010 818 1174 883 medicina
1189 817 1398 881 intirmorum

237 925 272 984 et
297 922 405 1005 plena'
424 923 577 987 omnibus
604 943 646 985 ex
676 922 738 986 hoc
768 922 958 1008 unguendis
989 922 1143 985 remissio
1171 925 1397 1005 peccatorum.

237 1023 324 1099 Fiat,
354 1023 507 1100 Domine,
538 1025 599 1088 hoc
630 1024 749 1100 oleum,
779 1031 813 1090 te
843 1024 1070 1099 benedicente,
1101 1023 1255 1087 omnibus
1285 1021 1398 1084 unctio

239 1127 424 1210 spiritualis
435 1127 477 1192 ad
495 1127 758 1212 purificationem
770 1128 893 1192 mentis
905 1132 940 1191 et
955 1126 1113 1210 corporis,
1125 1124 1167 1189 ad
1183 1122 1400 1208 depellendos

241 1230 431 1315 languores,
463 1235 496 1294 et
527 1230 568 1294 ad
598 1232 766 1294 munimen
797 1252 926 1315 quoque
961 1235 996 1294 et
1026 1229 1253 1293 defensionem
1282 1231 1400 1290 contra

162 1407 164 1412 Ι
237 1333 351 1415 jacula
380 1338 415 1397 et
444 1333 584 1397 insidias
613 1333 858 1397 immundorum
889 1333 1086 1418 spirituum:
1117 1336 1219 1414 atque
1250 1330 1399 1393 omnium

240 1458 379 1521 corpora
393 1438 494 1520 hujus
510 1437 575 1501 olei
597 1437 725 1520 liquore
741 1437 776 1500 in
794 1443 854 1502 tuo
877 1437 1010 1502 nomine
1025 1440 1198 1520 peruncta,
1214 1456 1235 1499 a
1258 1438 1400 1498 terrenae

239 1541 461 1625 corruptionis
484 1541 680 1625 contagione
704 1540 918 1605 immaculata
941 1562 1015 1604 cum
1038 1540 1213 1604 animabus
1238 1537 1401 1601 vivificari

241 1649 441 1719 mereantur,
455 1644 631 1709 consortiis
648 1649 838 1707 sanctorum
852 1644 1008 1708 socianda
1024 1664 1084 1729 per
1100 1647 1143 1718 te,
1157 1641 1292 1706 Christe
1308 1641 1330 1705 J
1332 1662 1402 1716 esu,

242 1749 398 1812 Salvator
413 1749 537 1824 mundi,
554 1749 611 1832 qui
627 1754 790 1813 venturus
807 1769 843 1812 es
854 1748 1006 1831 judicare
1023 1748 1117 1813 vivos
1133 1752 1168 1811 et
1183 1751 1348 1810 mortuos.

301 1851 438 1927 Emitte,
472 1872 670 1935 quaesumus,
705 1851 856 1928 Domine,
892 1857 1007 1917 sancte
1045 1852 1157 1927 Pater,
1190 1851 1403 1933 omnipotens

241 1957 362 2018 aeterne
378 1953 482 2030 Deus,
499 1954 658 2038 Spiritum
676 1953 846 2030 Sanctum,
861 1954 1063 2019 Paraclitum
1082 1959 1187 2029 tuum,
1202 1953 1244 2017 de
1261 1952 1353 2017 coelis
1368 1953 1402 2015 in

241 2058 327 2122 hanc
339 2057 571 2142 pinguedinem
585 2057 689 2132 olivae,
702 2077 801 2140 quam
816 2057 856 2121 de
870 2058 963 2121 viridi
976 2057 1145 2142 [dignatus
1158 2061 1208 2142 es]
1220 2057 1403 2140 producere

243 2160 353 2246 ligno;
384 2181 422 2223 ac
454 2159 599 2243 Spiritus
632 2160 746 2224 Sancti
776 2160 955 2243 praesentia
984 2161 1153 2236 influente,
1184 2157 1313 2223 coelesti
1342 2159 1402 2221 im-

242 2263 423 2348 pinguetur
437 2260 706 2340 beneffldictione
723 2261 764 2326 ad
787 2261 1001 2326 refectionem
1016 2282 1190 2345 corporum
1214 2266 1249 2326 et
1264 2260 1403 2326 salvati·

244 2388 340 2430 onem
354 2366 550 2430 animarum.
595 2365 765 2450 Rogamus
787 2370 832 2441 te,
847 2365 1000 2441 Domine,
1016 2365 1071 2449 qui
1095 2386 1131 2429 es
1150 2385 1232 2429 vera
1247 2363 1342 2429 salus
1364 2385 1403 2428 ac

244 2469 417 2544 medicina,
441 2468 497 2552 qui
521 2473 556 2532 et
577 2468 703 2543 dixisti,
726 2468 895 2532 Medicum
918 2489 983 2531 non
1006 2488 1089 2551 opus
1116 2488 1189 2531 esse
1212 2465 1404 2532 valentibus

244 2572 302 2634 sed
317 2571 404 2634 male
415 2571 634 2647 habentibus3
658 2576 697 2634 ut
712 2571 878 2653 pronubis
893 2570 1033 2634 infirmis
1045 2575 1080 2634 et
1090 2570 1207 2634 diviuae
1220 2571 1404 2635 curationis

243 2680 308 2737 tuac
324 2695 385 2756 ope
401 2673 577 2758 egentibus
594 2693 696 2756 super
717 2674 781 2736 hoe
795 2672 905 2736 oleum
919 2672 1075 2736 infundas
1097 2670 1329 2736 medicinalem
1343 2676 1403 2737 tua

243 2777 510 2857 beneffidictione
530 2775 697 2850 virtutem,
714 2775 812 2860 utsit
827 2775 980 2838 omnibus
995 2774 1058 2839 hoc
1079 2775 1298 2860 tangentibus
1313 2780 1401 2838 etex

243 2902 282 2944 eo
298 2880 460 2963 ungendis
473 2879 564 2943 salus
580 2878 776 2954 animarum,
789 2882 940 2942 tutamen
952 2898 1144 2961 corporum;
1169 2877 1214 2941 sit
1229 2878 1403 2942 evacuatio

242 2983 434 3067 passionum
446 2987 480 3045 et
492 2981 689 3046 salutarium
701 2980 870 3044 restitutio
883 2979 1076 3044 sanitatum.
1121 2979 1183 3056 Sit,
1193 2979 1403 3065 omnipotens

245 3088 354 3162 Pater,
370 3086 432 3149 hoc
456 3085 564 3148 oleum
589 3085 883 3172 sanctifflficatum,
901 3082 988 3147 siout
1009 3081 1141 3146 locutus
1164 3102 1200 3146 es
1223 3103 1287 3167 per
1307 3103 1403 3167 apos-

240 3189 364 3264 tolum3
390 3189 583 3250 Infirmatur
598 3187 673 3270 quis
696 3209 736 3250 ex
753 3186 866 3261 vobis3
889 3189 1037 3270 ungatur
1060 3183 1133 3248 oleo
1149 3191 1347 3251 consecrato
1368 3185 1400 3249 in

244 3293 374 3354 nomine
396 3290 542 3366 Domini,
558 3295 593 3354 et
614 3290 787 3354 alleviabit
808 3310 884 3353 eum
904 3288 1076 3365 Dominus,
1093 3293 1128 3354 et
1150 3289 1179 3352 si
1202 3289 1403 3374 inpeccatis

243 3396 297 3473 sit,
321 3395 543 3469 dimittentur,
566 3393 615 3470 ei;
639 3389 805 3477 quatenus
831 3394 894 3456 hac
917 3397 987 3468 tua,
1010 3391 1162 3468 Domine,
1186 3393 1305 3459 confisi
1329 3414 1401 3479 pro·

244 3498 413 3572 missione,
447 3517 561 3560 omnes
595 3495 678 3559 illud
712 3495 916 3579 excipiamus
949 3495 984 3557 iu
1018 3499 1150 3559 sacrata
1185 3496 1400 3578 perunctione

242 3599 428 3684 spiritualis
454 3597 623 3661 medicinae
650 3597 692 3662 ad
717 3596 912 3683 effugandas
936 3595 1160 3674 infirmitates,
1184 3597 1226 3661 ad
1255 3598 1398 3662 omnium

241 3701 498 3787 promerendam
535 3700 765 3764 remissionem
803 3704 1026 3785 peccatorum,
1072 3699 1112 3763 ln
1150 3700 1285 3764 nomine
1321 3700 1400 3766 Jesu

243 3806 369 3870 Christi
384 3804 462 3868 Filii
477 3803 527 3867 tui
546 3803 680 3870 Domini
696 3803 813 3879 nostri,
829 3823 889 3888 per
911 3823 1009 3886 quem
1024 3803 1093 3867 haec
1114 3801 1235 3880 omnia,
1251 3803 1398 3879 Domine,

242 3928 372 3992 semper
387 3909 475 3971 bona
491 3926 596 3970 creas.

280 4011 415 4087 Deferens
429 4011 599 4088 ampullam,
608 4009 706 4086 sociat
720 4031 831 4068 morona
846 4030 932 4087 caque
940 4018 1006 4088 post
1021 4009 1079 4070 Per
1092 4007 1249 4068 eundem!

282 4106 361 4163 Tunc
375 4113 552 4163 removeatur
572 4105 608 4162 ab
621 4105 713 4163 altori
733 4105 862 4163 dicatum
883 4105 975 4163 olonna
995 4105 1177 4182 infirmorum
1191 4124 1210 4162 a
1230 4104 1395 4178 diaconae

242 4338 257 4369 *
278 4334 393 4406 ataugia,
408 4332 518 4400 quando
531 4331 633 4404 frangit
645 4349 740 4404 corpus
754 4331 871 4384 Domini.
