2940 4996
200 397 264 459 108
462 400 681 463 Coneeerotio
698 399 825 464 altoris
840 402 911 463 eine
928 399 1097 464 Ecclesia.

246 606 446 669 Benedictio
461 608 535 668 nini

203 731 279 772 oum
294 709 455 773 Dominus
471 711 652 774 vobiscum.
698 712 849 776 Oremus.

248 813 379 876 Oratio.
424 812 564 877 Domine
590 814 673 876 Jesu
701 813 844 890 Christe,
871 813 927 897 qui
954 834 991 879 es
1018 814 1098 879 vitis
1123 835 1213 891 vera,
1242 814 1366 899 quique

199 914 235 976 iu
266 912 357 977 Oana
388 914 529 979 Galilaeae
561 917 671 978 vinum
705 938 745 979 ex
772 939 860 999 aqua
885 918 1015 992 fecisti;
1046 917 1234 1001 multiplica
1265 939 1367 1003 super

201 1037 315 1080 servos
330 1022 407 1080 tuos
419 1019 678 1082 misericordiam
690 1023 794 1095 tuam,
807 1024 842 1082 et
856 1019 1028 1092 beneffidic
1038 1024 1138 1103 atque
1156 1019 1368 1098 sanctifflfica

200 1119 286 1181 hanc
318 1126 505 1183 creaturam
539 1121 618 1196 vini,
648 1125 686 1185 ut
717 1141 818 1204 super
848 1121 934 1204 quod
965 1142 1080 1208 exea
1109 1121 1221 1184 fusum
1251 1122 1367 1197 fuerit,

200 1221 318 1284 divinae
342 1222 585 1286 benedictionis
600 1227 665 1285 tuae
681 1222 854 1286 dulcedine
869 1222 1051 1306 repleatur,
1066 1223 1224 1291 ¹Salvator
1238 1224 1365 1298 mundi,

201 1323 257 1405 qui
274 1345 347 1386 oum
371 1323 441 1386 Deo
458 1325 557 1387 Patre
574 1329 610 1387 et
626 1323 752 1407 Spiritu
770 1324 892 1389 Sancto
907 1325 993 1388 vivis
1008 1329 1043 1389 et
1058 1346 1182 1410 regnas
1196 1325 1290 1390 Deus
1305 1347 1368 1411 per

202 1427 314 1490 omnia
331 1426 451 1489 saecula
468 1426 674 1489 saeculorum.
719 1426 837 1490 Amen.

239 1528 352 1585 Deinde
365 1535 451 1603 ponat
465 1528 565 1584 einum
578 1527 611 1584 in
625 1547 730 1602 epitom
744 1527 848 1588 dicens.

254 1623 333 1686 Fiat
361 1622 550 1686 commixtio
585 1644 677 1705 aquae
707 1628 742 1687 et
772 1623 841 1686 vini
875 1622 917 1686 ad
948 1625 1232 1690 consecrationem
1263 1628 1365 1711 hujus

198 1726 328 1790 altaria.
375 1727 415 1789 In
431 1726 564 1791 nomine
588 1726 740 1809 Paffltris
756 1731 792 1790 et
814 1723 929 1797 Fiffllii
952 1732 989 1791 et
1012 1727 1158 1812 Spiritus
1172 1737 1212 1817 ›1‹
1236 1730 1363 1796 Sancti.

199 1830 316 1892 Amen.

242 1932 411 2012 Prcefotio

199 2035 272 2097 sine
290 2033 440 2108 Oremus,
457 2032 620 2097 absolate.

197 2240 294 2303 domo
309 2239 499 2302 mansiones
513 2238 624 2301 multae
641 2243 728 2314 sunt,
744 2239 968 2323 deprecemur,
984 2244 1022 2304 ut
1037 2239 1144 2304 altare
1158 2242 1223 2306 hoc
1237 2242 1362 2321 beneffi

198 2343 306 2406 dicere
323 2347 357 2405 et
378 2342 544 2405 custodire
561 2340 728 2424 dignetur,
744 2363 804 2425 per
819 2341 1045 2424 aspersionem
1060 2363 1152 2425 aquae
1167 2344 1270 2427 hujus
1286 2366 1359 2408 eum

200 2446 278 2508 vino
307 2445 429 2521 mixtae,
460 2449 499 2507 ut
528 2445 685 2507 tenebras
716 2445 758 2507 ab
788 2465 828 2507 eo
860 2443 1007 2527 repellat
1036 2449 1071 2508 et
1100 2444 1213 2509 lumen
1244 2447 1360 2531 gratiae

198 2548 361 2622 infundat,
374 2546 565 2628 nullamque
582 2546 737 2609 saeviendi
752 2546 786 2608 in
801 2545 885 2609 illud
901 2546 1094 2611 adversario
1109 2548 1239 2612 tribuat
1249 2555 1361 2634 potes-

199 2654 317 2724 tatem,
334 2650 390 2712 sed
414 2649 584 2733 proprium
601 2649 644 2710 sit
661 2647 768 2711 altare
789 2645 863 2724 Dei,
880 2652 915 2712 et
936 2648 1063 2713 nullam
1086 2650 1122 2712 in
1145 2671 1184 2713 eo
1207 2651 1360 2748 inimicus

200 2752 325 2814 habeat
353 2750 524 2814 licentiam
552 2750 701 2812 nocendi.
752 2751 816 2813 Per
849 2749 1029 2815 Dominum
1059 2757 1212 2816 nostrum
1243 2752 1359 2818 Jesum

200 2852 371 2925 Christum
393 2852 517 2915 Filium
531 2856 638 2926 tuum,
654 2851 711 2934 qui
727 2873 801 2914 cum
817 2873 857 2915 eo
880 2858 915 2917 et
932 2852 1059 2938 Spiritu
1077 2854 1200 2921 Sancto
1224 2856 1310 2922 vivit
1325 2862 1359 2922 et

198 2961 319 3040 regnat
335 2956 369 3017 in
386 2954 506 3018 saecula
522 2953 725 3016 saeculorum.
771 2954 889 3017 Amen.

242 3060 443 3124 Benedictio
459 3078 559 3139 aquea
574 3078 648 3120 eam
663 3060 743 3120 nino
758 3059 883 3120 mietoe.

241 3160 405 3225 Dominus
421 3161 602 3223 vobiscum.
649 3160 799 3223 Oremus.

243 3265 460 3348 Omnipotens
488 3264 688 3346 sempiterne
716 3262 817 3338 Deus,
840 3266 970 3327 creator
996 3268 1032 3328 et
1057 3269 1275 3331 conservator
1299 3268 1360 3331 hu-

197 3369 286 3434 maui
302 3367 445 3453 generis,
461 3371 495 3430 et
509 3366 606 3430 dator
621 3367 737 3451 gratiae
753 3366 949 3449 spiritualis,
961 3370 1059 3450 atque
1074 3366 1217 3453 largitor
1231 3375 1361 3436 aeternae

199 3473 330 3547 salutis,
346 3471 441 3533 mitte
466 3469 626 3552 Spiritum
649 3475 743 3533 tuum
768 3469 926 3533 Sanctum
951 3491 1052 3554 super
1071 3471 1134 3535 hoc
1157 3472 1270 3536 vinum
1286 3496 1360 3538 cum

200 3601 287 3662 aqua
312 3578 463 3650 mixtum,
492 3579 529 3637 ut
556 3580 723 3638 armatum
754 3573 897 3639 coelestis
925 3574 1117 3640 defensione
1144 3577 1292 3655 virtutis,
1319 3581 1361 3644 ad

197 3681 438 3745 dedicationem
453 3677 554 3760 hujus
575 3676 693 3741 altaris
709 3678 870 3761 proficiat.
915 3678 980 3741 Per
993 3678 1174 3743 Dominum
1197 3687 1363 3747 nostrum.

199 3786 239 3848 Iu
256 3785 385 3846 unitate
402 3781 560 3866 ejusdem.

241 3886 320 3942 Tunc
344 3885 523 3959 inpaedietar
545 3884 687 3960 episcopus
714 3884 753 3941 od
776 3884 890 3955 oltcre;
910 3892 935 3942 et
950 3884 1083 3961 primm
1103 3906 1167 3943 enm
1184 3886 1291 3963 pollice
1310 3908 1362 3946 sno

199 3984 304 4041 crisme
318 3982 351 4038 in
365 4002 469 4057 equom
483 3982 625 4039 modicum
638 3990 780 4058 sumptam
793 3982 826 4039 in
834 3981 945 4059 pelvim
954 4002 1079 4061 parvam
1092 3983 1190 4041 mittat
1204 3985 1238 4042 in
1250 3985 1367 4044 modum

200 4078 299 4146 crucis,
316 4076 356 4133 sie
370 4076 496 4135 dicendo.

246 4167 515 4241 Sanctiffificetur
537 4193 624 4254 aqua
639 4170 707 4234 ista
729 4171 793 4234 hoc
818 4171 992 4238 salutifero
1014 4173 1171 4240 crismate
1194 4180 1232 4240 et
1253 4180 1373 4242 nostra

200 4274 473 4353 beneffldictione
496 4277 538 4339 ad
563 4276 847 4340 consecrationem
870 4277 971 4360 hujus
994 4278 1125 4343 altaris.
1171 4278 1211 4344 In
1237 4281 1370 4346 nomine

198 4382 349 4462 Paffitris
366 4385 400 4443 et
415 4378 532 4457 Fiffilii
550 4384 584 4444 et
600 4380 744 4463 Spiritus
759 4375 799 4455 *1⁴
816 4381 939 4446 Sancti.
984 4383 1101 4447 Amen.
