2940 4996
476 418 736 482 Benedictiones
754 413 990 496 Episcopotcs.

196 624 363 683 Benedictio
376 623 410 682 de
424 645 492 700 repo.

202 840 422 924 Omnipotens
449 839 671 924 sempiternus
701 838 803 916 Deus,
830 839 887 922 qui
918 838 1063 904 omnium
1090 839 1169 922 jura
1194 859 1312 926 regum

157 942 373 1007 immobiliter
393 944 569 1027 gubernat,
585 941 761 1006 benedicat
783 947 818 1006 et
840 946 998 1026 protegat
1019 963 1134 1027 regem
1149 948 1311 1018 nostrum,

160 1053 194 1108 et
209 1044 378 1109 custodiat
394 1066 469 1107 eum
485 1045 526 1109 ab
543 1044 630 1108 omni
647 1044 881 1128 impedimento
897 1044 1101 1107 aemulorum.
1144 1046 1262 1108 Amen.

201 1149 253 1212 Ab
270 1148 360 1210 omni
375 1169 451 1211 eum
466 1147 718 1234 perturbatione
735 1147 865 1223 liberet,
882 1152 917 1211 et
932 1147 966 1210 in
982 1167 1068 1210 verae
1088 1146 1181 1232 pacis
1196 1132 1313 1213 lunda

158 1254 271 1314 mento
287 1249 484 1313 consolidet.
529 1251 647 1313 Amen.

202 1351 342 1436 Talique
367 1373 442 1415 eum
465 1351 694 1417 benedictione
716 1351 912 1424 sanctificet,
936 1355 974 1413 ut
995 1356 1073 1434 post
1096 1350 1313 1434 temporalem

159 1453 311 1538 gloriam,
327 1455 400 1538 ipso
415 1454 509 1532 duee,
525 1455 567 1519 ad
582 1454 705 1540 gaudia
718 1452 894 1539 perveniat
910 1453 1121 1537 sempiterna.
1166 1457 1283 1518 Amen.

203 1556 296 1641 Quod
311 1557 394 1641 ipse.

200 1778 260 1838 Pro
273 1778 327 1837 iter
340 1780 493 1855 agentibus.

202 1991 420 2078 Omnipotens
436 1992 527 2058 Deus
542 1994 700 2080 angelum
716 2015 813 2058 suum
830 1993 869 2058 de
885 1993 977 2058 coelis
993 1994 1127 2080 dirigat,
1143 1994 1200 2077 qui
1222 1994 1311 2059 viam

161 2092 362 2159 famulorum
395 2115 531 2159 suorum
567 2097 600 2160 in
636 2096 758 2162 salutis
794 2095 854 2160 via
886 2096 1110 2181 prosperitate
1146 2095 1313 2180 disponat.

162 2198 279 2261 Amen.

202 2301 273 2365 Iter
286 2322 401 2365 eorum
418 2301 582 2386 praecedat
604 2306 638 2364 et
655 2300 888 2383 subsequatur,
905 2304 939 2363 et
954 2300 996 2363 ab
1020 2299 1110 2363 omni
1125 2319 1182 2364 eos
1197 2299 1312 2363 hostili

162 2402 351 2468 incursione
366 2405 523 2488 potentiae
540 2424 606 2467 suae
622 2402 761 2467 dextera
776 2406 922 2466 tueatur.
967 2403 1086 2466 Amen.

204 2505 305 2571 Justa
326 2507 472 2591 ipsorum
496 2505 664 2570 desideria
686 2505 861 2589 compleat,
884 2505 1020 2590 votique
1047 2510 1217 2589 compotes
1240 2526 1315 2569 cum
1365 2573 1367 2577 ,

163 2607 337 2674 alacritate
351 2613 473 2674 mentis
490 2614 523 2673 et
539 2608 687 2693 corporis
703 2628 853 2672 remeare
871 2608 1041 2673 concedat.
1087 2609 1204 2672 Amen.

207 2711 300 2796 Quod
316 2713 399 2797 ipse.

203 2934 247 2992 De
261 2935 462 2992 anniversario
475 2934 593 2992 ecclesiae
605 2933 789 2992 dedicatione.

208 3129 309 3206 Deus,
325 3129 400 3194 fons
416 3135 450 3195 et
472 3130 566 3214 origo
586 3129 835 3206 benedictionis,
851 3148 911 3193 vos
934 3130 969 3193 in
984 3131 1047 3196 hac
1069 3131 1165 3196 domo
1180 3153 1316 3218 congre·

167 3239 263 3317 gatos
286 3254 347 3317 pro
370 3232 601 3297 anniversario
625 3234 713 3297 festo
740 3254 806 3297 suec
833 3232 1053 3298 dedicationis
1075 3235 1163 3298 omni
1186 3234 1316 3320 replent

168 3335 340 3426 intellectu
357 3357 457 3400 sacra
474 3334 681 3399 eruditionis.
726 3336 844 3398 Amen.

211 3437 388 3503 Custodiat
402 3439 436 3501 in
458 3436 553 3502 vobis
569 3436 645 3500 fidei
668 3435 909 3521 integritatem,
928 3435 999 3520 spei
1021 3435 1319 3520 longanimitatem,

169 3547 437 3628 perseverantem
454 3562 558 3626 usque
574 3541 609 3604 in
624 3542 722 3604 finem
739 3560 813 3603 cum
825 3544 942 3604 sancta
957 3538 1120 3624 patientia
1135 3540 1319 3605 caritatem.

170 3648 284 3710 Amen.

209 3749 328 3812 Preces
343 3752 475 3812 vestras
491 3748 545 3812 hic
562 3752 596 3810 et
610 3747 732 3831 ubique
749 3745 917 3822 exaudiat,
930 3745 1052 3808 delicta
1066 3744 1189 3822 deleat,
1204 3746 1318 3809 hostes

171 3856 330 3928 amoveat,
348 3855 381 3914 et
397 3871 458 3934 per
479 3852 547 3915 haec
563 3851 652 3914 festa
675 3849 907 3914 anniversaria
930 3848 972 3913 ad
988 3849 1148 3913 continua
1171 3867 1321 3932 supernae

173 3955 314 4018 ecclesiae
329 3952 492 4037 perducat
508 3952 694 4016 sollemnia.
740 3952 858 4014 Amen.

212 4056 303 4140 Quod
320 4056 401 4140 ipse.
