2940 4996
154 419 217 480 354
371 417 629 478 Benedictiouce
645 415 681 474 in
700 412 920 490 Quotidianae
937 412 1074 476 Diebus.

237 811 604 876 BENEchIONEs
627 812 678 874 IN
703 809 1000 894 QUOTIDIANIS
1025 810 1203 876 DIEBUS.

193 1040 375 1103 Benedicat
390 1040 485 1102 vobis
500 1038 674 1112 Dominus,
693 1042 728 1100 et
743 1036 913 1100 custodiat
928 1058 999 1099 vos.
1044 1040 1163 1100 Amen.

193 1144 365 1205 illuminet
391 1143 510 1206 faciem
542 1162 636 1205 snam
666 1162 767 1223 super
793 1162 863 1216 vos,
890 1146 925 1204 et
955 1142 1159 1205 misereatur
1186 1141 1298 1204 vestri.

152 1251 268 1310 Amen.
849 1242 853 1251 ’

195 1355 378 1414 Convertat
409 1348 539 1411 vultum
567 1370 663 1410 sunm
690 1349 731 1411 ad
763 1370 833 1423 vos,
861 1356 895 1411 et
926 1349 1026 1413 donet
1053 1350 1148 1412 vobis
1176 1372 1298 1433 pacem.

154 1461 269 1520 Amen.

193 1560 286 1643 Quod
303 1561 374 1641 ipse
390 1558 448 1621 &c
494 1559 611 1620 Amen.

196 1665 387 1729 Benedictio
404 1663 464 1724 Dei
482 1663 541 1725 &a
587 1666 703 1724 Amen.

194 1840 268 1896 Item
285 1838 358 1892 alin.

197 1935 415 2015 Omnipotens
438 1930 531 1993 Deus
547 1951 609 1993 sua
630 1951 689 1993 vos
713 1930 891 1994 clementia
913 1931 1097 2008 benedicat,
1116 1941 1150 1996 et
1173 1956 1301 2000 sensum

153 2045 186 2103 iu
203 2039 298 2100 vobis
315 2035 487 2118 sapientiae
504 2033 665 2096 salutaris
682 2034 847 2097 infundat.
892 2037 1010 2098 Amen.

209 2140 388 2206 Catholicae
419 2139 496 2199 fidei
527 2159 586 2200 vos
617 2137 825 2201 documentis
857 2139 1016 2214 enutriat,
1047 2147 1082 2203 et
1113 2130 1147 2204 in
1182 2145 1301 2208 sanctis

154 2247 309 2331 operibus
328 2241 592 2325 perseverabiles
608 2241 737 2304 reddat.
785 2246 901 2304 Amen.

196 2352 338 2415 Gressus
355 2354 487 2409 vestros
503 2347 545 2408 ab
562 2366 674 2407 errore
691 2351 877 2421 convertat,
895 2351 930 2409 et
945 2345 1034 2409 viam
1051 2348 1147 2411 vobis
1164 2353 1257 2433 pacis
1272 2359 1301 2416 et

154 2455 306 2520 caritatis
323 2451 491 2513 ostendat.
537 2453 653 2512 Amen.

199 2556 390 2640 Quodipse.
438 2555 554 2614 Amen.

199 2659 401 2725 Benedictio.
449 2660 566 2719 Amen.

198 2833 270 2889 Item
285 2830 355 2885 niin.

201 2928 341 2992 inclinet
353 2923 516 2986 Dominus
529 2943 643 2984 aurem
661 2943 754 2984 suam
767 2923 809 2985 ad
826 2943 943 3004 preces
956 2927 1078 2985 nostrae
1094 2925 1301 3002 humilitatis,

154 3040 187 3098 et
197 3034 255 3095 det
266 3030 360 3092 vobis
370 3027 516 3111 gratiam
531 3046 597 3087 suae
609 3026 859 3100 benedictionis,
870 3025 1084 3108 etpraemium
1098 3030 1300 3113 sempitemae

158 3137 288 3202 salutis.
334 3135 450 3195 Amen.

201 3238 338 3317 Semper
353 3240 387 3294 et
409 3232 529 3313 ubique
546 3229 724 3292 Dominum
746 3231 927 3314 propitium
952 3231 1117 3306 habeatis,
1131 3238 1165 3296 et
1185 3232 1219 3297 in
1236 3235 1302 3316 ejus

156 3343 311 3405 laudibus
328 3335 515 3398 exsultetis.
562 3337 677 3397 Amen.

201 3443 355 3507 Omnium
368 3445 580 3523 peecatorum
591 3445 778 3500 vestrorum
791 3437 924 3501 vincula
936 3437 1055 3513 solvat,
1067 3439 1153 3502 etad
1167 3439 1301 3524 gloriam

158 3548 396 3631 sempiternam
413 3542 588 3626 pervenire
605 3563 664 3604 vos
683 3542 793 3604 faciat.
840 3543 956 3605 Amen.

203 3648 393 3735 Quodipse.
440 3650 556 3709 Amen.

204 3753 406 3820 Benedictio.
454 3752 569 3812 Amen.

201 3929 275 3985 Item
290 3925 361 3981 utin.

205 4018 413 4103 Multiplicet
429 4018 463 4078 in
479 4017 574 4079 vobis
590 4015 755 4079 Dominus
779 4017 907 4099 copiam
925 4037 991 4080 sure
1007 3986 1259 4096 benedictionis,
1276 4024 1306 4081 et

159 4129 333 4194 confirmet
348 4143 408 4185 vos
424 4123 458 4182 in
476 4142 534 4204 spe
551 4122 647 4205 regni
665 4121 820 4183 coelestis.
866 4124 983 4184 Amen.

207 4235 310 4294 Actus
333 4232 466 4287 vestros
490 4225 649 4308 corrigat,
673 4226 777 4288 vitam
803 4227 966 4301 emendet,
990 4248 1100 4290 mores
1126 4232 1305 4313 componat,

161 4347 195 4402 et
214 4355 271 4397 vos
288 4331 329 4394 ad
347 4329 491 4392 coelestis
507 4331 656 4412 paradisi
671 4330 893 4393 hereditatem
911 4331 1082 4415 perducat.
1129 4335 1246 4396 Amen.

1171 4622 1390 4940 a·
