2940 4996
501 347 557 410 De
577 349 814 415 Colcbrotioue
832 354 1020 436 Pontificio.
1069 431 1074 437 ..

228 509 281 573 Ne
298 515 453 597 projicias
469 539 521 581 me
537 541 556 582 a
572 521 655 584 facie
670 528 749 598 tua;

269 616 315 679 Et
330 619 481 702 spiritum
497 627 589 686 tuum
607 646 647 688 ne
663 627 794 690 auferas
811 649 831 689 a
846 648 907 688 me.

224 724 337 789 Redde
353 728 433 790 mihi
450 728 596 795 laetitiam
614 734 770 799 salutaris
786 737 853 811 tui;

267 828 313 892 Et
328 830 447 914 spiritu
462 833 634 918 principali
651 838 808 901 confirma
823 861 884 900 me.

224 930 420 997 Sacerdotes
435 935 484 999 tui
498 936 677 1001 induantur
688 940 854 1021 justitiam
868 964 874 1012 ;

266 1032 311 1098 Et
327 1036 432 1099 sancti
448 1037 496 1100 tui
513 1038 691 1103 exsultent.

220 1133 361 1199 Domine
377 1138 468 1202 Deus
484 1140 652 1217 virtutum,
669 1149 823 1206 converte
840 1164 920 1218 n0s;

264 1239 310 1304 Et
325 1243 460 1305 ostende
476 1243 594 1306 faciem
610 1250 711 1321 tuam,
728 1252 763 1308 et
779 1246 861 1309 salvi
880 1247 1009 1309 erimus.

220 1340 373 1418 Domine,
390 1346 509 1408 exaudi
525 1346 703 1410 orationem
722 1369 849 1422 meam;

265 1444 310 1508 Et
325 1446 448 1510 clamor
463 1469 555 1510 meus
571 1449 612 1511 ad
627 1455 660 1512 te
677 1450 798 1514 veniat.

219 1547 382 1612 Dominus
399 1552 564 1614 vobiscum
576 1574 583 1628 ;

264 1651 308 1715 Et
324 1674 397 1715 cum
412 1654 530 1736 spiritu
547 1660 614 1717 tuo,

221 1753 371 1819 Oremus.

224 1858 353 1921 Oratio.
399 1861 507 1924 Aures
528 1865 592 1924 tuae
612 1861 757 1944 pietatis,
779 1861 952 1925 mitissime
969 1861 1070 1938 Deus,
1086 1862 1208 1927 inclina
1223 1868 1328 1948 preci-

170 1959 236 2023 bus
252 1962 346 2038 meis,
363 1968 396 2025 et
410 1963 520 2047 gratia
537 1964 648 2027 Sancti
665 1964 807 2047 Spiritus
826 1963 978 2027 illumina
998 1985 1186 2039 cormeum,
1204 1973 1242 2031 ut
1259 1972 1326 2033 tuis

170 2065 341 2146 mysteriis
356 2065 453 2148 digne
469 2065 658 2129 ministrare
673 2086 811 2129 merear.
855 2067 919 2129 Per
935 2065 1102 2129 Christum
1117 2067 1303 2134 Dominum.

215 2166 347 2229 Oratio.
392 2168 549 2231 Actiones
577 2174 719 2242 nostras,
747 2189 943 2250 quaesumus,
971 2166 1120 2244 Domine,
1148 2171 1324 2253 aspirando

169 2267 322 2351 praeveni,
338 2273 372 2331 et
394 2269 579 2350 adjuvando
602 2290 810 2353 prosequere,
835 2275 872 2331 ut
895 2275 1012 2331 cuncta
1036 2276 1151 2333 nostra
1174 2276 1322 2353 operatio

166 2392 187 2432 a
204 2374 238 2433 te
256 2391 386 2454 semper
400 2371 546 2454 incipiat,
563 2377 598 2435 et
612 2393 672 2455 per
688 2379 720 2434 te
737 2378 843 2455 coepta
858 2372 1004 2435 finiatur.

200 2471 338 2536 Oratio.
376 2473 443 2537 Fac
454 2495 516 2549 me,
532 2495 654 2558 quaeso,
666 2474 767 2549 Deus,
780 2474 826 2537 ita
838 2474 973 2557 justitia
985 2471 1087 2547 indui,
1102 2478 1137 2536 ut
1154 2474 1188 2536 in
1202 2473 1322 2540 electo-

166 2595 240 2637 rum
261 2596 389 2638 merear
410 2575 629 2639 exsultatione
646 2574 760 2651 laetari,
777 2581 941 2658 quatenus
957 2580 1077 2638 exutus
1101 2577 1143 2638 ab
1167 2580 1319 2642 omnibus

166 2677 318 2738 cordibus
348 2683 566 2761 pcccatorum,
597 2677 799 2741 consortium
829 2676 993 2758 adipiscar
1023 2677 1084 2741 tibi
1115 2676 1317 2761 placentium

165 2778 392 2854 sacerdotum
417 2800 533 2862 meque
549 2786 608 2843 tua
628 2778 853 2841 misericordia
875 2799 896 2841 a
918 2778 1009 2840 vitiis
1032 2780 1182 2843 omnibus
1206 2793 1317 2856 exuat,

163 2902 261 2964 quem
295 2889 408 2945 reatus
442 2883 580 2966 propriae
618 2881 823 2946 couscientia
856 2886 984 2964 gravat.
1045 2881 1112 2944 Per
1145 2880 1315 2947 Christum

162 2984 351 3048 Dominum.

205 3154 317 3231 Culipc's
331 3164 355 3213 et
368 3154 508 3213 sandaliis
525 3156 674 3234 impositis,
684 3153 812 3232 pontifex
822 3155 904 3231 prius
925 3175 1010 3232 quam
1029 3155 1085 3211 sttt
1105 3156 1239 3213 amictum
1261 3159 1316 3216 tm-

156 3258 257 3328 ponot‚
268 3259 352 3326 caput
359 3251 486 3327 pertinet,
500 3271 600 3308 monus
609 3258 633 3308 et
646 3249 747 3316 faciem
759 3249 851 3314 lovct;
872 3258 895 3331 ct
905 3249 974 3306 ctum
988 3249 1066 3319 lavit,
1081 3249 1158 3306 dicat
1174 3252 1315 3329 episcopus

160 3346 234 3402 hanc
248 3345 410 3402 orationem.

203 3440 341 3524 Largire
369 3440 519 3503 sensibus
549 3440 681 3514 nostris,
709 3439 916 3520 omnipotens
944 3439 1051 3513 Pater,
1079 3442 1116 3500 ut
1144 3438 1229 3502 sicut
1259 3440 1311 3504 hic

158 3543 339 3607 abluuntur
353 3543 601 3625 inquinamenta
617 3562 781 3615 manuum,
796 3540 845 3602 ita
860 3561 880 3602 a
895 3545 928 3602 te
952 3541 1150 3602 mundentur
1172 3540 1310 3604 interius

155 3644 358 3729 pollutiones
384 3645 514 3720 mentis,
541 3650 576 3708 et
599 3648 727 3707 crescat
752 3663 881 3723 semper
905 3643 938 3704 in
970 3642 1063 3705 nobis
1094 3650 1308 3726 augmentum

157 3752 347 3810 sanctarum
364 3747 534 3810 virtutum.
580 3747 643 3810 Per
658 3745 836 3809 Christum.

247 3853 285 3912 l*
