2940 4996
162 421 225 484 190
484 424 741 487 Benedictiones
758 423 993 504 Episcopales.

200 624 242 683 In
255 624 301 683 dic
315 624 437 683 Natalis
452 627 584 684 Domini.

199 790 379 854 Benedicat
405 812 465 855 vos
492 792 702 877 omnipotens
728 792 830 869 Deus,
858 797 1072 875 vestramque
1099 792 1142 857 ad
1170 812 1313 876 superna

154 893 279 956 excitet
300 893 529 970 intentionem,
546 896 602 978 qui
626 897 715 960 hunc
739 895 1003 960 sacratissimum
1024 895 1110 958 diem
1135 895 1315 958 nativitate

155 996 232 1058 Filii
250 995 302 1059 sui
317 996 397 1060 fecit
413 1018 486 1060 esse
503 997 710 1061 sollemnem.
755 1000 873 1062 Arnen.

198 1100 244 1163 Et
267 1099 323 1182 qui
348 1120 434 1176 eum,
452 1100 509 1184 qui
533 1101 630 1184 panis
654 1104 707 1165 est
730 1101 936 1185 angelorum,
952 1099 987 1162 in
1011 1101 1150 1185 praesepi
1168 1099 1314 1164 ecclesiae

154 1204 262 1266 cibum
284 1201 365 1265 fecit
381 1223 456 1265 esse
479 1202 626 1266 fidelium
650 1203 847 1279 animarum,
863 1203 934 1288 ipse
957 1223 1027 1278 vos,
1044 1209 1079 1266 et
1100 1203 1135 1265 in
1157 1203 1313 1287 praesenti

155 1303 274 1368 saeculo
290 1304 469 1389 degustare
484 1304 588 1368 faciat
609 1310 808 1368 aeternorum
824 1303 1032 1368 dulcedinem
1056 1305 1268 1390 gaudiorum,
1284 1311 1317 1366 et

153 1409 188 1469 in
221 1408 334 1470 futuro
368 1407 529 1493 perducat
558 1408 600 1471 ad
635 1409 829 1473 societatem
861 1413 1057 1473 aeternorum
1093 1408 1314 1493 praemiorum.

156 1512 273 1573 Amen.

198 1613 324 1695 Quique
342 1611 415 1694 ejus
437 1612 614 1676 infantiam
638 1612 760 1676 vilibus
783 1611 890 1675 voluit
904 1611 997 1675 indui
1021 1611 1151 1696 pannis,
1167 1612 1241 1696 ipse
1257 1632 1315 1676 vos

155 1715 313 1799 pretiosis
324 1708 517 1796 perennium
528 1714 1159 1779 vestimentoruminduatornamcntis.
1195 1715 1315 1777 Amen.

198 1817 389 1902 Quodipse.

193 1989 232 2047 In
247 1989 293 2047 die
311 1987 549 2048 Circurncc'sc'onis
563 1989 698 2048 Domini,

199 2155 416 2240 Omnipotens
432 2154 535 2230 Deus,
552 2154 649 2236 cujus
665 2155 869 2242 Unigenitus
885 2155 1047 2219 hodierna
1063 2153 1128 2231 die,
1144 2175 1187 2218 ne
1203 2154 1312 2240 legem

155 2257 302 2320 solveret
318 2279 415 2341 quam
433 2255 614 2341 adimplere
631 2264 778 2335 venerat,
791 2258 997 2343 corporalem
1015 2257 1161 2341 suscepit
1176 2258 1316 2321 circum-

154 2362 322 2436 cisionem,
336 2367 466 2424 mentes
482 2367 614 2424 vestras
630 2368 747 2424 contra
762 2363 874 2425 omnia
889 2360 1046 2425 vitiorum
1063 2360 1240 2436 incentiva,
1255 2382 1316 2423 sua

156 2466 267 2548 gratia
280 2464 419 2538 muniat,
437 2469 470 2527 et
487 2484 581 2527 suam
597 2463 631 2525 in
647 2484 706 2526 vos
722 2465 987 2529 benedictionem
1002 2463 1187 2527 clementer
1203 2463 1312 2526 infun-

155 2567 224 2630 dat.
269 2569 386 2630 Amen.

198 2669 244 2732 Et
260 2669 316 2753 qui
330 2669 437 2753 legem
452 2689 511 2752 per
526 2668 665 2750 Moysen
683 2667 783 2744 dedit,
796 2672 835 2732 ut
849 2688 909 2753 per
924 2667 1142 2732 mediatorem
1158 2673 1310 2732 nostrum

154 2772 418 2835 benedictionem
446 2770 551 2845 daret,
578 2775 680 2834 exuat-
706 2793 766 2835 vos
796 2770 1052 2850 mortificatione
1080 2770 1251 2847 vitiorum,
1279 2779 1313 2834 ct

153 2875 256 2938 faciat
271 2894 486 2958 perseverare
502 2874 537 2937 in
553 2873 703 2937 novitate
719 2874 895 2939 virtutum.
939 2875 1058 2937 Amen.

195 2978 265 3060 Quo
282 2977 378 3040 sicin
396 2976 520 3040 senarii
535 2977 666 3039 numeri
683 2977 887 3060 perfectione
902 2977 936 3039 in
959 2978 1022 3041 hoc
1038 2977 1158 3042 saeculo
1175 2978 1311 3056 vivatis,

153 3087 189 3144 et
204 3082 237 3144 in
251 3079 441 3162 septenario
453 3079 541 3143 inter
552 3081 727 3144 beatorum
741 3080 919 3164 spirituum
933 3080 1067 3165 agmina
1078 3081 1312 3164 requiescatis,

152 3189 317 3267 quatenus
334 3183 367 3244 in
384 3188 512 3259 octavo,
528 3182 773 3247 resurrectione
790 3182 954 3258 renovati,
967 3180 1095 3265 jubelei
1113 3184 1310 3249 remissione

153 3286 261 3360 ditati,
278 3286 319 3348 ad
336 3285 460 3369 gaudia
476 3285 547 3348 sine
562 3285 627 3347 fine
645 3305 802 3348 mansura
816 3284 1021 3368 perveniatis
1037 3284 1169 3350 sinceri.

197 3388 386 3472 Quodipse.

193 3562 214 3618 Ι
216 3583 230 3617 u
246 3561 293 3618 die
307 3560 494 3638 Epiphaniae.

198 3727 300 3801 Deus,
324 3724 437 3788 lumen
459 3745 585 3801 verum,
609 3726 665 3810 qui
691 3725 908 3811 Unigenitum
935 3747 1041 3805 suum,
1065 3727 1228 3791 hodierna
1248 3727 1313 3804 die,

155 3829 255 3892 stella
269 3829 361 3902 duce,
378 3828 535 3912 gentibus
558 3829 710 3893 revelare
734 3829 850 3905 voluit,
868 3849 930 3893 sua
963 3851 1023 3894 vos
1043 3830 1204 3915 dignetur
1218 3831 1317 3895 bcue·

153 3932 297 3996 dictione
313 3931 430 3994 ditare.
476 3933 593 3996 Amen.

213 4035 284 4117 Quo
315 4034 468 4116 exemplo
503 4036 680 4120 Magorum
712 4036 854 4119 mystica
887 4034 1031 4099 Domino
1062 4033 1147 4099 Jesu
1180 4036 1318 4101 Christo

155 4157 294 4200 munera
309 4137 500 4213 offerentes,
517 4146 630 4221 spreto
655 4138 794 4222 antiquo
809 4140 918 4214 hoste,
936 4139 1127 4223 spretisque
1151 4141 1319 4225 contagiis

154 4240 322 4314 vitiorum,
342 4239 384 4301 ad
406 4245 564 4305 aeternam
584 4239 728 4324 patriam
752 4241 862 4305 redire
886 4240 1030 4307 valeatis
1052 4262 1115 4326 per
1136 4241 1227 4307 viam
1252 4243 1316 4306 vir·

153 4350 273 4405 tutum.
319 4344 436 4405 Amen.
