2940 4996
458 425 678 497 t'onsecratio
694 429 992 498 Sancttmonictis.
1237 428 1301 496 173

185 627 268 737 lunc
287 641 456 712 aspergatur
476 656 553 714 aqua
574 636 719 697 benedicta
741 645 910 717 aporiatur
931 637 965 697 in
991 635 1083 714 stipite
1105 635 1175 713 ejus,
1194 635 1303 694 dicante

179 745 204 781 ts
273 769 280 784 ο

145 743 178 800 21⁰
189 745 312 907 Aciliipe
329 825 489 893 annulum
504 849 602 912 quem
617 831 768 915 perferas
783 833 861 894 ante
876 832 1010 914 Agnum
1023 847 1183 913 sponsum
1198 833 1305 902 tuum,

144 922 323 1012 Domimm
344 929 462 995 «Iesum
486 929 669 1009 Christum,
684 931 720 997 in
735 931 789 996 die
812 931 997 998 calestium
1012 931 1219 1017 nuptiarum.
1262 929 1304 994 In

144 1029 276 1094 nomine
292 1031 405 1098 Patris
420 1038 456 1099 et
471 1033 549 1099 Filii
565 1039 601 1100 et
615 1035 765 1120 Spiritus
781 1035 907 1101 Sancti.
950 1036 1070 1101 Amen.
1151 1060 1154 1067 ·

184 1131 247 1204 Quo
258 1132 342 1207 facto,
356 1136 461 1198 iterum
472 1157 500 1195 ae
511 1145 684 1214 prosternat,
699 1146 725 1196 et
737 1138 881 1216 episcopus
895 1138 974 1196 dicat
987 1136 1154 1196 arationem.

172 1225 280 1296 ·Deus
303 1229 461 1308 clemens,
482 1230 574 1297 Deus
600 1233 801 1310 misericors,
824 1233 879 1297 cui
901 1237 1021 1298 cuncta
1043 1233 1132 1297 bona
1156 1229 1302 1315 placent,

146 1329 217 1394 sine
234 1352 298 1416 quo
314 1332 399 1397 nihil
421 1338 574 1399 sanctum
596 1335 785 1413 inchoatur,
801 1335 951 1421 nihilque
974 1335 1099 1400 honum
1121 1333 1304 1417 perficitur,

146 1433 258 1498 adsint
272 1437 397 1501 nostris
413 1437 609 1504 humillimis
623 1440 779 1526 precibus
794 1444 860 1505 tuae
881 1439 1020 1524 pietatis
1035 1458 1145 1514 aures,
1161 1441 1196 1501 et
1217 1437 1305 1502 hane

145 1535 303 1625 famulam
331 1544 434 1626 tuam,
462 1542 515 1606 cui
544 1534 580 1605 in
607 1547 723 1608 sancto
749 1547 808 1607 tuo
838 1541 972 1609 nomine
1000 1561 1102 1605 sacrae
1127 1538 1301 1624 religionis

146 1637 363 1723 imposuimus
395 1644 556 1722 habitum,
590 1666 611 1710 a
643 1645 758 1709 mundi
794 1645 1031 1730 impedimento
1063 1642 1117 1707 vel
1152 1641 1302 1708 saculari

146 1739 310 1809 desiderio
336 1745 485 1825 defende,
507 1754 541 1814 et
567 1750 708 1814 concede
731 1751 763 1815 ei
785 1751 879 1815 utin
906 1750 969 1814 hoe
992 1753 1108 1814 sancto
1130 1748 1303 1834 proposito

146 1843 263 1920 devote
296 1849 477 1934 persistere
511 1858 555 1930 et,
585 1853 782 1918 remissione
816 1858 1027 1939 peccatorum
1061 1856 1230 1937 percepta,
1260 1852 1303 1917 ad

146 1949 326 2017 electorum
335 1957 468 2022 tuorum
478 1957 683 2022 consortium
693 1957 807 2024 valeat
815 1957 1002 2042 pervenire.
1045 1957 1111 2022 Per
1121 1953 1302 2020 Christum.

182 2157 286 2217 Postea
308 2159 471 2245 incipiatur
496 2166 531 2223 ab
557 2165 685 2244 episcopo
711 2165 769 2224 tcec
793 2164 951 2244 antiphona
978 2164 1066 2224 Beati
1089 2163 1183 2234 eritis,
1208 2171 1240 2221 ut
1266 2163 1300 2221 in

147 2250 299 2314 Communi
311 2259 499 2334 apostolarum
512 2280 577 2319 curn
589 2262 709 2340 psalmo,

186 2348 304 2416 Lauda
318 2353 531 2422 Hierusalem
545 2355 736 2423 Dominum.

182 2453 284 2513 Finito
295 2457 416 2533 psalmo,
432 2467 576 2537 repetatur
588 2460 756 2539 antiphona.

187 2550 355 2633 Sequitur
373 2553 495 2619 Oratio
511 2576 587 2620 cum

188 2653 341 2722 Oremus.

189 2756 455 2826 Clementissime
467 2758 664 2826 Dominator
674 2758 826 2837 Domine,
836 2761 929 2824 tuam
939 2756 1131 2822 invocamus
1143 2757 1301 2842 pietatem

146 2881 247 2944 super
275 2862 362 2928 hanc
390 2863 549 2929 famulam
579 2868 681 2940 tuam,
713 2884 812 2947 quam
843 2883 864 2926 a
894 2861 1013 2926 saeculo
1043 2881 1237 2926 conversam
1267 2862 1300 2924 in

146 2984 284 3028 numero
300 2970 490 3029 sanctorum
513 2970 648 3030 tuorum
664 2965 828 3031 accersire
844 2965 1002 3051 dignatus
1024 2986 1079 3043 es3
1103 2985 1302 3049 quaesumus,

145 3070 182 3131 ut
204 3067 432 3132 conversionis
459 3089 526 3133 suae
550 3068 649 3133 fidem
673 3067 773 3155 digne
796 3068 975 3144 custodiat,
998 3073 1034 3132 et
1059 3066 1215 3152 quicquid
1240 3088 1301 3152 pro

145 3169 255 3234 salute
281 3170 399 3235 animae
426 3191 491 3235 suae
517 3171 621 3236 fuerit
646 3173 835 3257 deprecata,
860 3171 1028 3247 obtineat;
1060 3171 1104 3234 sit
1130 3170 1201 3234 vita
1225 3190 1301 3253 pro·

143 3271 274 3350 habilis,
298 3263 352 3352 sit¹
366 3275 502 3358 sapiens
529 3280 564 3340 et
589 3274 737 3352 humilis,
760 3276 805 3341 sit
831 3274 973 3340 scientia
998 3293 1087 3349 vera,
1111 3273 1301 3339 obedientia

143 3373 244 3453 clara,
259 3375 460 3440 conveniens
475 3377 510 3448 in
524 3377 687 3454 doctrina,
702 3377 737 3441 in
753 3375 1037 3461 increpationibus
1059 3375 1248 3452 immobilis,
1264 3376 1299 3440 in

143 3477 311 3561 gravitate
325 3479 456 3556 decora,
472 3479 507 3543 in
522 3479 678 3563 passione
694 3479 858 3563 piissima,
874 3478 909 3541 in
932 3477 1124 3562 operatione
1140 3482 1249 3555 cauta,
1265 3478 1299 3542 in

143 3579 361 3666 dispositione
392 3583 549 3659 sollicita,
579 3582 614 3646 in
648 3581 927 3666 temptationibus
959 3579 1067 3657 fortis,
1098 3580 1133 3643 in
1166 3579 1299 3664 injuriis

142 3686 286 3769 patiens,
301 3685 337 3750 in
358 3707 439 3773 pace
460 3687 537 3763 fixa,
552 3685 588 3750 in
611 3685 831 3770 eleemosynis
854 3689 1018 3770 prompta,
1033 3683 1069 3747 in
1091 3683 1299 3751 orationibus

142 3789 309 3874 frequens,
340 3791 375 3854 in
404 3789 633 3855 misericordia
661 3791 787 3864 efficax,
817 3789 852 3852 in
883 3787 1024 3852 subditis
1054 3787 1128 3873 pia;
1163 3807 1224 3852 nec
1254 3787 1300 3854 sit

142 3892 314 3957 immemor
334 3893 422 3978 quod
445 3915 466 3958 a
490 3893 579 3957 tede
603 3913 663 3955 suo
687 3891 752 3955 erit
774 3891 863 3955 facto
884 3894 943 3954 tuo
961 3888 1086 3972 judicio
1105 3889 1297 3973 judicanda.

142 3996 252 4084 Hujus
264 4018 406 4083 quoque,
419 3996 569 4073 Domine,
582 4015 767 4080 precamur,
779 3998 818 4058 ut
828 4013 967 4056 munera
977 3990 1130 4076 placatus
1141 3993 1295 4079 accipias,

142 4111 175 4171 et
194 4103 353 4190 quicquid
375 4123 396 4167 a
417 4106 452 4168 te
473 4100 620 4187 petierit,
637 4098 820 4165 clementer
841 4095 1006 4182 impertiri
1028 4096 1188 4183 digneris.
1231 4098 1297 4163 Per

142 4211 329 4276 Dominum.
