2940 4996
479 423 529 488 De
549 423 735 490 Ordinibus
754 421 983 507 Conferendio.

460 830 708 898 ORDINATIO
731 830 1006 896 EXOROISTAE.

196 1039 361 1109 Erroror'sto,
374 1059 438 1096 com
451 1037 615 1106 ordinator,
632 1035 758 1113 occipiat
771 1035 806 1093 ole
820 1055 908 1092 mono
922 1034 1046 1114 episcopi
1061 1032 1195 1103 libellum,
1212 1032 1244 1090 in
1258 1052 1312 1110 quo

156 1133 259 1210 scripti
272 1141 336 1190 cunt
351 1133 508 1203 eoorcisrne,
525 1131 630 1189 dicente
644 1131 701 1188 stoi
713 1150 859 1209 episcopo:
1258 1194 1261 1200 Ι

196 1229 327 1313 Accipe,
345 1235 379 1293 et
395 1227 590 1292 commendo.
608 1227 784 1301 memoriae,
801 1232 836 1290 et
857 1227 944 1290 hebo
967 1229 1170 1310 potestatem
1186 1223 1313 1308 impon-

158 1332 234 1396 endi
270 1353 405 1395 manum
444 1350 547 1413 super
582 1329 849 1413 energuminum,
884 1329 955 1392 sive
992 1327 1211 1411 baptizatum,
1246 1327 1316 1390 sive

157 1436 440 1500 catechumenum.

579 1534 718 1607 Proefote'o
731 1536 882 1593 exorcistae.

199 1633 306 1697 Deum
322 1634 457 1696 Putrem
473 1630 737 1714 omnipotentem
754 1630 921 1714 supplices
938 1630 1163 1713 deprecamur,
1175 1633 1213 1692 ut
1228 1629 1315 1692 hunc

159 1735 321 1799 famulum
338 1754 433 1796 suum
457 1733 509 1797 ill.
526 1731 723 1796 benedicere
746 1731 903 1817 dignetur
926 1733 961 1794 in
977 1731 1118 1795 officium
1134 1729 1317 1807 exorcirtae,

155 1844 196 1902 ut
212 1837 257 1900 sit
273 1835 437 1921 spiritalis
453 1834 638 1919 imperator
653 1834 696 1899 cd
712 1834 918 1917 abjiciendos
934 1835 1098 1897 doemones
1113 1833 1154 1896 de
1169 1833 1315 1918 corpori-

159 1941 224 2003 bus
240 1937 397 2014 obsesoiS,
415 1957 491 2000 cum
508 1936 599 2000 omni
613 1935 764 2019 nequitia
779 1957 892 2000 eorum
909 1935 1116 2000 multiformi.
1162 1936 1236 1998 Per.

579 2036 749 2095 Benedictio
763 2039 893 2114 ejusdem.
1135 2040 1140 2052 ⁴

206 2134 357 2209 Domine,
375 2139 489 2197 sancte
506 2134 617 2208 Pater,
632 2134 841 2218 omnipotens
862 2143 983 2198 oeterne
1006 2132 1108 2208 Deus,
1123 2133 1318 2198 benedicere

156 2236 307 2322 digneris
330 2237 418 2301 hunc
440 2235 602 2300 famulum
625 2241 719 2298 tuum
743 2236 793 2299 ill.
810 2237 843 2299 in
867 2236 973 2300 officio
997 2233 1182 2310 exorcistae,
1197 2239 1235 2298 ut
1258 2255 1318 2319 per

160 2339 385 2423 impositionis
407 2359 564 2401 manuum
592 2343 627 2401 et
650 2339 718 2402 oris
741 2339 882 2403 officium
910 2359 985 2401 eum
1011 2337 1136 2421 eligere
1160 2337 1317 2421 dignerir,

161 2449 196 2506 et
222 2441 396 2525 imperium
427 2441 550 2504 habeut
582 2440 759 2523 spirituum
790 2441 1035 2504 immundorum
1065 2439 1257 2516 coercendo,
1284 2447 1319 2505 et

160 2543 344 2629 probabilis
374 2543 419 2606 sit
446 2542 593 2605 medicus
621 2541 787 2620 Ecclesiae,
815 2543 925 2630 gratia
952 2542 1161 2608 curationum
1193 2541 1317 2608 virtute

162 2648 388 2712 confirmatum
434 2646 498 2709 Per
514 2645 670 2710 eundem..
