2940 4996
412 416 630 480 consecratio
647 416 773 480 altaris
791 418 862 478 stne
879 415 1050 479 Ecclesia.
1244 418 1303 477 121

608 655 1032 748 ss—Jfffi

186 774 290 858 Infra
306 776 609 862 Septuapcsimam.
633 779 667 841 in
697 779 718 842 J
721 800 738 842 e
754 816 767 828 -
782 775 971 842 ru-sa-lem.
1101 780 1104 784 ’

252 939 678 1001 πεῖ

252 998 677 1035 ἥ*-

187 1085 247 1148 Ps.
292 1085 464 1171 Exsurget
493 1086 543 1151 De
561 1126 571 1136 -
587 1109 640 1151 us.

140 1225 219 1267 cum
235 1202 351 1269 Gloria
365 1205 469 1269 Patri.

190 1307 324 1372 Oratio.
369 1308 585 1391 Majestatem
608 1314 712 1385 tuam,
728 1309 878 1386 Domine,
895 1309 1067 1374 humiliter
1088 1309 1304 1393 imploramus

141 1414 184 1472 ut
198 1410 263 1474 hoc
285 1409 402 1485 altare,
419 1431 521 1475 sacrae
536 1412 703 1476 unctionis
726 1412 883 1475 libamine
899 1413 939 1476 ad
965 1413 1175 1496 suscipienda
1189 1414 1303 1498 populi

139 1534 284 1578 munera
316 1514 497 1589 inunctum,
528 1519 685 1598 potenter
713 1515 950 1600 beneffldicere
985 1522 1019 1579 et
1050 1516 1300 1598 sanctifflficare

141 1616 303 1701 digneris,
320 1621 355 1680 et
377 1617 463 1699 quod
479 1638 565 1681 nunc
581 1639 602 1680 a
616 1617 715 1682 nobis
737 1617 883 1703 indignis
900 1619 963 1683 sub
978 1619 1029 1682 tui
1051 1620 1194 1684 nominis
1210 1620 1302 1684 invo-

138 1719 272 1783 catione
298 1719 480 1782 inhonore
505 1719 613 1783 sancti
636 1720 680 1784 N.
703 1721 907 1785 sacrosancti
930 1721 1120 1786 chrismatis
1145 1724 1300 1788 unctione

101 1876 105 1882 .
139 1831 196 1887 est
218 1821 412 1899 delibutum,
429 1822 561 1907 placeat
582 1824 654 1900 tibi,
678 1830 778 1907 atque
804 1830 955 1888 sanctum
978 1825 1085 1889 altare
1108 1833 1244 1893 maneat
1265 1829 1300 1890 in

136 1931 387 2010 perpetuum,et
397 1926 553 2010 quicquid
562 1927 717 2011 deinceps
728 1928 920 2011 superillud
931 1928 1079 1992 oblatum
1090 1937 1300 1996 sacratumve

140 2029 256 2104 fucrit,
271 2029 407 2113 dignum
423 2029 484 2093 tibi
506 2029 560 2092 fac
582 2029 831 2106 holocaustum3
856 2036 957 2114 atque
981 2032 1127 2094 omnium
1142 2033 1196 2097 hic
1219 2035 1298 2096 offe-

138 2131 284 2196 rentium
299 2131 492 2196 sacrificiaa
507 2137 542 2196 te
557 2133 612 2216 pio
627 2132 769 2196 Domino
784 2134 927 2219 benigne
941 2133 1175 2218 suscipiantur,
1189 2144 1222 2199 et
1239 2156 1299 2217 per

139 2255 182 2298 ea
204 2239 415 2318 peccatorum
435 2239 626 2298 nostrorum
649 2234 783 2299 vincula
805 2235 1032 2312 absolvantur,
1053 2235 1189 2300 maculae
1212 2236 1300 2301 dele-

139 2343 253 2414 antur,
268 2333 371 2401 veniae
394 2336 625 2422 impetrentur,
648 2339 764 2422 gratiae
787 2338 1022 2421 acquirantur;
1046 2347 1212 2422 quatenus
1234 2361 1302 2405 una

138 2460 215 2503 cum
229 2435 355 2503 sanctis
371 2444 406 2502 et
421 2438 537 2503 electis
547 2439 616 2503 tuis
632 2439 735 2503 vitam
747 2449 904 2505 aeternam
917 2441 1085 2525 percipere
1101 2462 1298 2508 mereamur.

137 2543 205 2606 Per
218 2541 408 2606 Dominum.

182 2642 218 2703 si
236 2644 352 2702 debeam
370 2643 482 2702 recludi
500 2643 640 2721 reliquia,
649 2645 708 2722 flat
725 2644 798 2703 sicat
819 2645 936 2703 habetur
955 2666 1043 2723 supro
1061 2649 1095 2704 in
1116 2646 1252 2708 Ecclesia
1272 2657 1297 2707 et

137 2739 255 2796 Allatas
267 2739 464 2797 Dedicationc.

179 2833 260 2892 Tunc
272 2834 413 2909 thurt'ficet
425 2841 513 2892 tolum
526 2834 624 2907 altore,
640 2835 803 2912 incipiendo
817 2836 890 2894 tarro
903 2837 1099 2914 antiphonam.

135 2963 1296 3094 Q

185 3120 303 3187 Sto-tit
331 3122 539 3208 an-ge-lus
574 3123 689 3206 jux-ta
718 3144 844 3188 a·ram
875 3121 1001 3207 templi,
1031 3123 1191 3187 ha-bens
1220 3125 1297 3188 thu·

135 3259 986 3399 ΞΒΤ-’Ἱ-Ἶ

131 3428 344 3494 ri-bu·lum
367 3451 550 3494 aure-um
598 3433 632 3494 in
658 3453 773 3495 ma-nu
807 3453 875 3495 su·
892 3454 922 3496 a.

561 3566 952 3708 Ξ

178 3742 224 3804 In
241 3750 387 3821 tempore
403 3740 579 3817 Posctali
596 3738 639 3803 Al
650 3778 661 3790 -
672 3738 704 3802 le
721 3777 733 3788 -
750 3739 785 3802 lu
801 3777 814 3789 -
831 3777 844 3788 -
859 3760 911 3823 ya.

175 3840 292 3900 Deinde
305 3849 438 3918 sequatur
452 3842 556 3902 oratic.

178 3937 355 4022 Dirigatur
370 3938 478 4002 oratio
494 3944 621 4013 nostra,
638 3958 836 4020 quaesumus,
853 3936 1005 4015 Domine,
1022 3938 1109 4003 sicut
1123 3938 1294 4002 incensum

129 4044 166 4107 in
184 4047 364 4125 conspectu
380 4045 451 4117 tuo,
467 4048 501 4106 ct
523 4041 659 4124 copiosa
673 4041 834 4105 beneficia
848 4042 902 4104 hic
927 4040 1137 4106 Christianus
1153 4043 1296 4130 populus

128 4149 354 4227 assequatur;
379 4149 417 4207 ut
432 4145 619 4228 quicunque
635 4143 697 4207 tibi
712 4143 746 4206 in
763 4145 826 4209 hoc
842 4145 943 4208 altari
960 4146 1123 4210 sacranda
1137 4147 1297 4210 libamina

128 4249 254 4312 devote
282 4245 467 4310 obtulerint
493 4246 547 4310 vel
575 4252 710 4311 sacrata
737 4248 954 4332 susceperint,
983 4254 1018 4312 et
1043 4248 1119 4311 vitae
1147 4249 1295 4313 subsidia

123 4347 306 4434 praescntis
318 4349 485 4432 accipiant
497 4354 532 4413 et
540 4349 773 4414 remissionem
787 4351 931 4413 omnium
945 4355 1156 4435 peccatorum
1169 4352 1298 4435 pariter

220 4451 318 4515 Pont.
335 4451 377 4513 15
