2940 4996
201 397 266 460 228
576 402 794 466 &obsecratio
810 401 988 482 Episcopi.

201 602 369 666 exteriora
381 603 611 690 circumtegat.
657 605 816 670 Abundet
828 606 861 668 in
878 626 916 668 ec
930 602 1121 668 constantia
1132 600 1221 674 fidei,
1234 597 1362 683 puritas

201 703 401 780 dilectionis,
419 707 596 772 sinceritas
611 708 715 792 pacis.
761 707 837 771 Sint
853 706 1005 790 speciosi,
1020 725 1158 768 munere
1175 708 1245 777 tuo,
1263 699 1363 784 pedes

202 805 244 867 ad
260 807 556 890 evangelizandum
571 831 697 894 pacem,
714 809 757 873 ad
772 807 1069 893 evangelizandum
1092 808 1181 869 bona
1196 810 1267 867 tua.
1313 800 1363 865 Da

202 907 243 982 ei,
259 906 412 985 Domine,
429 912 651 976 ministerium
667 911 960 987 reconciliationis,
973 911 1006 973 in
1023 909 1134 972 verbis
1151 914 1186 970 et
1201 907 1237 968 in
1252 904 1361 978 factis,

202 1009 236 1071 in
252 1009 379 1073 virtute
396 1013 567 1096 signorum
592 1020 625 1078 et
647 1014 887 1098 prodigiorum.
933 1012 986 1077 Sit
1009 1032 1117 1076 sermo
1132 1010 1207 1091 ejus
1231 1013 1267 1070 et
1283 1027 1361 1088 pra-

202 1110 324 1174 dicatio
340 1133 406 1175 non
423 1115 456 1176 in
474 1115 721 1197 persuabilibus
744 1117 897 1179 humanae
923 1114 1094 1199 sapientias
1118 1111 1232 1175 verbis
1249 1109 1309 1172 sed
1332 1108 1363 1168 in

203 1213 394 1277 ostensione
419 1216 557 1299 spiritus
581 1223 615 1281 et
640 1216 785 1280 virtutis.
830 1216 883 1281 Da
906 1217 947 1293 ei,
963 1216 1115 1291 Domine,
1132 1213 1246 1277 claves
1270 1209 1363 1294 regni

203 1314 369 1391 coelorum,
387 1323 425 1380 nt
448 1323 574 1395 utatur,
590 1341 656 1382 non
679 1319 857 1404 glorietur,
873 1323 1041 1402 potestate
1058 1339 1158 1400 quam
1182 1314 1308 1378 tribuis
1330 1312 1361 1373 in

203 1417 463 1496 aedificationem,
486 1442 552 1484 non
576 1422 610 1484 in
637 1423 909 1486 destructionem.
954 1421 1176 1505 Quodcunque
1203 1414 1363 1500 ligaverit

204 1539 303 1601 super
319 1526 452 1598 terram,
469 1523 513 1587 sit
529 1523 670 1608 ligatum
694 1525 778 1588 etin
799 1523 908 1600 ecelis3
932 1528 967 1586 et
982 1524 1199 1606 quodcunque
1224 1517 1362 1582 solverit

203 1641 304 1703 super
330 1628 463 1702 terram,
493 1625 537 1689 sit
564 1625 709 1689 solutum
736 1632 771 1691 et
797 1627 833 1690 in
860 1626 960 1689 coelis.
1006 1625 1152 1709 Quorum
1179 1621 1362 1686 detinuerit

202 1731 348 1804 peccata,
364 1726 502 1791 detenta
518 1728 604 1803 sint3
629 1733 664 1791 et
679 1748 819 1810 quorum
841 1728 1015 1804 dimiserit,
1031 1733 1069 1790 tu
1091 1726 1255 1790 dimittas.
1301 1721 1361 1805 Qui

203 1825 415 1893 maledixerit
444 1831 485 1905 ei,
516 1831 561 1893 sit
590 1830 648 1894 ille
679 1830 896 1906 maledictus3
928 1836 962 1894 et
992 1830 1049 1912 qui
1080 1826 1293 1894 benedixerit
1322 1825 1361 1901 ei,

202 1929 489 1995 benedictionibus
522 1932 703 2016 repleatur.
766 1934 816 1997 Sit
849 1933 958 1996 fidelis
990 1954 1107 1997 servus
1138 1936 1173 1995 et
1206 1931 1362 2015 prudens,

203 2053 300 2112 quem
324 2035 520 2111 constituas,
537 2035 688 2111 Domine,
707 2057 808 2119 snper
830 2036 991 2099 familiam
1015 2041 1127 2110 tuam;
1150 2038 1190 2097 ut
1212 2033 1271 2096 det
1293 2031 1358 2094 illis

204 2135 313 2196 eibum
338 2136 373 2198 in
400 2142 550 2220 tempore
578 2144 774 2221 opportuno,
798 2144 833 2203 et
859 2138 1017 2202 exhibeat
1039 2159 1168 2201 omnem
1194 2135 1362 2198 hominem

205 2238 398 2319 perfectum.
460 2240 512 2303 Sit
542 2241 767 2305 sollicitudine
802 2241 953 2325 impiger,
985 2242 1031 2305 sit
1065 2240 1185 2325 spiritu
1215 2240 1361 2302 fervens.

206 2341 321 2404 Oderit
356 2343 556 2424 superbiam,
590 2345 815 2408 humilitatem
849 2344 978 2428 diligat,
1013 2365 1073 2407 nec
1108 2364 1182 2406 eam
1216 2365 1361 2426 unquam

204 2444 347 2519 deserat,
362 2452 422 2508 aut
437 2446 591 2510 laudibus
608 2452 668 2510 aut
679 2448 798 2510 timore
812 2454 1002 2531 superatus.
1047 2447 1125 2510 Non
1135 2451 1240 2529 ponat
1255 2446 1362 2508 lucem

205 2547 371 2620 tenebras,
388 2568 448 2610 nec
471 2551 629 2613 tenebras
653 2549 781 2624 lucem;
806 2571 873 2612 non
895 2551 984 2613 dieat
1007 2548 1131 2612 malum
1154 2550 1290 2623 bonum,
1304 2568 1363 2610 nee

207 2653 328 2715 bonum
352 2654 485 2718 malum.
533 2655 585 2717 Sit
609 2654 817 2736 sapientibus
840 2659 876 2718 et
902 2654 1138 2738 insipientibus
1161 2653 1305 2728 debitor,
1329 2657 1365 2714 ut

206 2759 350 2820 fructum
387 2758 428 2820 de
466 2758 616 2841 profectu
655 2758 801 2821 omnium
840 2764 1072 2840 consequatur.
1138 2757 1285 2820 Tribuas
1322 2755 1361 2830 ei,

206 2861 356 2934 Domine,
373 2860 565 2922 cathedram
583 2858 804 2942 episcopalem
828 2859 869 2921 ad
885 2860 1065 2942 regendam
1081 2859 1255 2922 ecclesiam
1272 2866 1363 2920 tuam

207 2968 239 3025 et
256 2961 386 3044 plebem
404 2961 466 3022 sibi
479 2961 700 3023 commissam.
746 2960 799 3022 Sis
815 2961 846 3022 ei
858 2960 1041 3024 auctoritas
1054 2985 1062 3036 3
1087 2960 1177 3024 sisci
1192 2966 1362 3043 potestas3

207 3068 252 3128 sis
280 3065 310 3128 ei
338 3064 489 3128 firmitas.
535 3063 744 3146 Multiplices
772 3084 873 3148 super
900 3086 975 3126 eum
1002 3064 1307 3143 benetlsdictionem
1330 3070 1363 3127 et

205 3168 349 3252 gratiam
367 3173 468 3240 tuam,
485 3172 522 3228 ut
544 3166 584 3228 ad
608 3165 809 3228 exorandam
833 3186 966 3248 semper
988 3166 1248 3229 misericordiam
1272 3171 1361 3230 tuam

206 3279 264 3335 tuo
294 3291 430 3332 munere
461 3270 611 3344 idoneus,
637 3274 696 3332 tua
722 3269 833 3353 gratia
863 3271 973 3353 possit
999 3291 1072 3333 esse
1103 3270 1256 3333 devotus.
1302 3271 1364 3334 Per

206 3375 384 3438 Dominum
400 3376 563 3435 nostrum.
1118 3390 1120 3394 ·

249 3479 289 3541 In
305 3478 435 3540 unitate
459 3476 618 3558 ejusdem,
635 3477 776 3538 dicotur
798 3478 947 3540 demisso
962 3497 1052 3552 occe,
1068 3486 1101 3540 ct
1122 3480 1363 3558 respondeant,

206 3585 322 3645 Amen.

247 3682 390 3758 Corripieto
403 3687 494 3735 autern
510 3678 707 3748 benediccione,
720 3681 864 3754 confirmet
877 3702 995 3739 monum
1009 3690 1034 3738 et
1047 3682 1187 3758 pollicem,
1201 3703 1361 3741 consecratu

205 3799 268 3835 cona
282 3777 441 3844 chrismate,
456 3774 560 3830 dicens.

247 3873 340 3935 Deus
356 3875 391 3933 et
406 3871 507 3932 Pater
529 3865 663 3930 Domini
680 3869 787 3932 nostri
801 3870 822 3932 J
825 3891 884 3933 esu
909 3870 1046 3946 Christi,
1063 3871 1171 3954 quite
1194 3873 1238 3936 ad
1254 3874 1359 3957 pontiu

203 3978 321 4038 ficatus
353 3972 527 4035 sublimari
557 3969 665 4032 voluit
698 3971 908 4056 dignitatem,
939 3976 1011 4059 ipse
1045 3981 1080 4038 te
1115 3976 1298 4041 chrismate
1327 3982 1360 4042 ct

205 4079 349 4160 mysticae
372 4075 586 4139 delibutionis
609 4072 737 4156 liquore
761 4076 950 4160 perfundat,
972 4084 1006 4141 et
1029 4078 1215 4160 spiritualis
1238 4079 1357 4158 beneffl

205 4181 359 4245 dictionis
386 4181 539 4242 ubertate
567 4178 754 4254 foecundet;
781 4188 819 4242 ut
846 4180 1001 4264 quiequid
1027 4180 1240 4246 benedixeris
1266 4184 1358 4247 bene·
