2940 4996
524 410 743 472 Consecratio
766 407 954 490 Virpinum.

198 772 246 835 Te
262 792 431 856 rogamus,

193 875 316 932 Interim
328 882 489 952 prosternat
502 895 529 932 se
543 875 685 952 episcopua
699 881 724 932 et
734 881 898 952 percantent
912 873 1059 933 litaniam.

199 1054 303 1112 Finito
317 1055 432 1126 litania,
448 1075 563 1131 serpena
576 1054 720 1133 episcopeo
733 1055 859 1132 incipiat
862 1054 965 1131 festive
979 1055 1058 1116 Veni
1073 1055 1210 1117 Creator.
1258 1059 1319 1129 Quo

156 1153 240 1222 dicte,
255 1160 352 1229 carpat
366 1153 454 1228 virpo,
469 1161 494 1210 et
508 1153 603 1211 ventat
616 1160 680 1211 ante
693 1153 817 1228 predum
831 1153 943 1221 altaria,
960 1161 985 1212 et
989 1152 1087 1230 saciat
1095 1155 1309 1232 professionem.

198 1247 273 1332 Ego
289 1268 384 1312 soror
395 1247 440 1311 N.
456 1247 618 1331 promitto
634 1248 855 1312 stabilitatem
872 1254 908 1312 et
920 1251 1171 1313 conversionem
1188 1272 1316 1316 morum

154 1372 314 1428 meorum,
332 1356 366 1415 et
388 1350 612 1416 obedientiam
637 1351 818 1415 secundum
840 1351 995 1437 regulam
1012 1352 1120 1417 sancti
1145 1353 1319 1420 Benedicti

154 1454 229 1537 (vet
261 1453 374 1518 Sancti
400 1452 600 1539 Augustini)
626 1474 738 1517 coram
765 1453 837 1517 Deo
864 1457 900 1518 et
927 1455 1056 1519 sanetis
1083 1453 1159 1538 ejus
1189 1457 1225 1520 in
1256 1459 1318 1522 hoc

154 1558 371 1633 monasterio,
394 1557 482 1641 quod
504 1561 736 1622 constructum
763 1555 874 1620 estin
897 1557 1023 1620 honore
1047 1558 1157 1623 sancti
1178 1559 1224 1623 N.
1248 1561 1320 1643 (vel

157 1665 280 1723 sanctae
291 1659 350 1744 N.)
361 1661 396 1722 in
407 1661 588 1745 praesentia
599 1659 724 1725 domini
736 1659 885 1745 episcopi
896 1665 930 1724 et
942 1659 1168 1743 inpraesentia
1179 1663 1317 1728 domine

157 1763 336 1827 abbatissae
351 1764 426 1847 (oet
442 1763 639 1848 priorissae.)

195 1864 236 1922 Et
255 1872 330 1936 tunc,
345 1867 492 1941 affirmans
512 1867 586 1944 quod
606 1865 690 1938 dicit,
704 1865 819 1942 siphum
831 1864 923 1924 crenis
943 1885 1007 1923 cnm
1026 1873 1157 1924 encausto
1169 1866 1268 1944 faciat
1286 1868 1318 1926 in

152 1959 212 2034 fine
228 1958 419 2036 professiones
433 1969 459 2019 et
473 1981 581 2038 portans
600 1981 684 2038 super
697 1960 798 2032 altare,
813 1959 985 2018 deosculetur
1004 1960 1106 2019 altare.
1152 1961 1248 2033 Quem
1261 1963 1318 2041 ipse

158 2054 306 2131 recipiens,
319 2055 450 2114 videlicet
462 2056 617 2134 epiecopus,
633 2055 803 2114 servandum
817 2054 923 2112 trudat.

201 2148 281 2207 Tunc
291 2148 426 2226 professo,
440 2158 517 2208 stans
531 2159 596 2208 ante
610 2151 710 2222 altare,
726 2151 806 2208 (licat
819 2158 861 2208 ter
874 2149 948 2208 hunc
961 2170 1080 2219 veracem.

202 2243 341 2329 Suscipe
365 2267 427 2322 me,
445 2245 597 2322 Domine,
615 2246 796 2310 secundum
812 2244 982 2328 eloquium
1006 2253 1111 2324 tuum,
1128 2249 1164 2310 et
1187 2245 1318 2321 vivam;

158 2353 193 2411 et
208 2368 275 2411 non
290 2349 474 2413 confundas
490 2369 542 2412 me
558 2350 601 2413 ab
617 2348 870 2432 exspectatione
886 2367 972 2412 mea.

158 2451 233 2528 qnod
246 2458 287 2507 ter
300 2459 442 2528 repetatur
455 2452 490 2508 ab
504 2452 642 2522 omnibus,
659 2459 684 2509 et
697 2441 730 2509 c‘n
738 2451 801 2528 fine
815 2450 941 2520 dicatur,

203 2545 320 2611 Gloria
335 2547 441 2611 Patri.

198 2648 239 2706 Et
249 2656 345 2725 posteo
359 2649 555 2726 snbjnnyatnr.

202 2744 307 2829 Kyrie
323 2743 461 2808 eleison.

204 2847 339 2912 Christe
355 2847 493 2913 eleison.

203 2952 309 3036 Kyrie
325 2951 464 3016 eleison.

202 3057 305 3119 Pater
320 3060 446 3120 noster.

203 3157 248 3221 Et
262 3179 304 3221 ne
320 3179 392 3223 nos.

202 3261 260 3324 Pa
304 3261 447 3326 Domine
464 3264 539 3348 quis
554 3261 733 3328 habitabit.

203 3362 321 3429 Gloria
335 3365 440 3429 Patri.

159 3476 192 3532 et
203 3489 332 3550 preces.

203 3571 323 3637 Salvos
339 3572 392 3638 fao
409 3592 525 3635 servos
540 3576 619 3636 tuos
635 3576 671 3636 et
685 3567 827 3634 ancillas
842 3573 932 3644 tuas,

202 3674 295 3739 Deus
310 3695 418 3752 meus,
435 3680 612 3759 spera-ntes
627 3674 663 3738 in
678 3678 723 3738 te.

204 3779 305 3844 Mitte
322 3782 371 3844 eis
386 3778 550 3844 auxilium
565 3777 605 3842 de
623 3781 740 3843 sancto
749 3799 758 3854 ;

203 3881 250 3947 Et
264 3883 305 3947 de
321 3882 412 3947 Sion.

203 3985 289 4049 Esto
304 3985 366 4061 eis,
381 3985 535 4061 Domine,
551 3981 658 4048 turris
673 3977 893 4056 fortitudinis,

203 4087 345 4152 Afaoie.
807 4166 811 4175 Ι

204 4191 302 4256 Nihil
317 4191 471 4274 proficiat
485 4190 641 4255 inimicus
657 4188 691 4252 in
707 4186 774 4261 eis;

205 4294 251 4361 Et
264 4293 365 4358 filius.
