2940 4996
596 383 793 448 Benedictio
810 383 982 449 Eremitcc.

507 811 793 890 [BENEDIOTIO
817 810 1059 897 EREMITAE]

256 1055 347 1117 Ordo
363 1054 512 1135 qualiter
528 1056 668 1118 eremite
676 1055 793 1138 sociat
802 1054 1060 1134 professionem.

251 1157 368 1219 Primo
391 1158 531 1219 dicatur
553 1157 723 1232 Pselmns,
740 1157 903 1219 Miserere
926 1155 990 1217 mei
1014 1155 1115 1230 Deus,
1138 1157 1182 1219 ab
1206 1155 1367 1237 episcopo

213 1279 287 1321 curn
303 1258 417 1322 Gloria
433 1259 536 1322 Patri.

248 1359 309 1430 Quo
329 1362 412 1431 dieto,
434 1362 546 1418 accedat
569 1362 685 1446 eremite
709 1380 773 1417 cunt
792 1359 909 1417 cestibus
932 1359 1001 1429 sais,
1024 1367 1049 1416 et
1068 1361 1250 1435 genuflectens
1274 1369 1368 1438 ponat

208 1475 303 1511 corant
317 1456 451 1532 episcopo,
468 1457 519 1532 qai
532 1456 694 1532 alloquatur
708 1455 735 1511 ei
748 1454 781 1510 de
791 1453 936 1530 proposito
951 1453 1100 1511 castitatis.

249 1549 361 1607 Deinde
375 1551 447 1626 lepat
456 1550 655 1627 professionem
669 1571 750 1607 sanni
764 1551 813 1606 boc
827 1549 917 1606 inodo.

250 1643 322 1728 Ego
346 1645 389 1708 N.
417 1668 483 1708 non
505 1648 704 1729 conjugatus
730 1645 889 1729 promitto
913 1648 946 1707 et
969 1665 1072 1708 voveo
1096 1643 1167 1708 Deo
1194 1652 1230 1710 et
1256 1647 1364 1710 beatae

207 1746 323 1811 Mariae
340 1759 371 1810 et
395 1750 546 1812 omnibus
568 1750 703 1824 sanctie,
719 1749 753 1810 in
775 1748 952 1832 praesentia
974 1748 1149 1810 reverendi
1172 1749 1208 1812 in
1231 1749 1369 1815 Christo

205 1851 312 1932 patris
325 1851 448 1913 domini
464 1853 507 1915 N.
520 1858 554 1915 et
563 1853 606 1915 N.
623 1851 778 1935 episcopi,
792 1851 998 1934 propositum
1014 1853 1182 1916 castitatis
1195 1859 1366 1938 perpetuae

202 1954 302 2034 juxta
331 1954 482 2038 regulam
512 1955 602 2017 beati
633 1954 739 2019 Pauli.
784 1955 825 2017 In
855 1955 986 2017 nomine
1017 1955 1128 2020 Patris
1159 1961 1195 2020 et
1224 1956 1307 2020 Filii
1335 1962 1371 2021 et

211 2054 357 2140 Spiritus
377 2057 499 2120 Sancti.
544 2058 662 2120 Amen.

247 2156 363 2216 Deinde
377 2160 467 2216 erneis
479 2159 569 2229 faciat
582 2160 696 2234 sipnnni
710 2158 742 2215 in
749 2159 810 2234 fine
820 2155 1013 2234 prffmsiorsis,
1029 2166 1054 2215 et
1068 2159 1165 2216 tradat
1179 2160 1317 2238 episcopo.

250 2253 279 2311 T
277 2275 331 2312 nnc
345 2255 423 2312 dicct
436 2255 578 2332 episcopas
593 2255 665 2311 benc
680 2254 837 2311 orationem
852 2275 936 2331 snper
950 2274 1013 2311 enni
1024 2262 1211 2332 prostratam.

252 2348 403 2412 Oremus.

247 2452 383 2527 Praesta,
405 2473 602 2536 quaesumus,
627 2453 836 2536 omnipotens
859 2451 961 2527 Deus,
978 2452 1056 2516 huic
1079 2451 1207 2516 famulo
1230 2458 1290 2518 tuo
1314 2475 1367 2519 re-

203 2555 377 2618 nuncianti
411 2554 520 2618 saeculi
553 2555 694 2639 pompis,
724 2555 841 2637 gratiae
876 2560 940 2617 tuae
972 2555 1095 2636 januas
1130 2556 1264 2640 aperiri,
1295 2559 1367 2642 qui,

205 2658 361 2741 despecto
377 2657 521 2731 diabolo,
534 2656 685 2740 confugit
701 2657 761 2719 sub
774 2656 874 2720 titulo
891 2656 1028 2721 Christi.
1074 2657 1161 2721 lube
1178 2659 1369 2724 venientem

204 2761 246 2824 ad
259 2766 292 2823 te
307 2781 423 2823 sereno
436 2759 533 2823 vultu
546 2760 679 2845 suscipi,
692 2781 733 2821 ne
743 2759 784 2822 de
797 2781 836 2822 eo
849 2758 962 2823 valeat
971 2760 1125 2824 inimicus
1138 2761 1348 2847 triumphare
1360 2789 1368 2839 ;

204 2864 314 2926 tribue
329 2863 406 2926 huic
422 2862 633 2947 infatigabile
656 2861 829 2925 brachium
845 2861 982 2937 auxilii3
1005 2867 1151 2926 mentem
1176 2864 1249 2946 ejus
1264 2864 1371 2931 lorica

202 2966 279 3028 fidei
304 2966 539 3041 circumdant
563 2965 653 3027 felici
678 2985 773 3026 muro
798 2963 956 3039 vallatus,
978 2965 1137 3029 mundum
1161 2986 1197 3029 se
1220 2968 1368 3052 gaudeat

204 3068 360 3132 evasisse.
406 3068 471 3130 Per
486 3067 654 3131 Christum
672 3066 849 3130 Dominum
866 3072 1028 3129 nostrum.

239 3168 355 3226 Deinde
368 3175 501 3244 seqnoiier
514 3168 666 3225 benedictio
681 3168 771 3238 vestis,
788 3188 852 3225 enni

248 3264 399 3327 Oremus.

246 3367 349 3442 Deus,
365 3371 563 3430 aeternorum
579 3366 739 3428 bonorum
755 3364 950 3430 fidelissime
966 3364 1164 3450 promissor,
1181 3369 1368 3436 certissime

202 3471 404 3558 persolutor,
421 3469 476 3553 qni
496 3469 732 3532 vestimentum
750 3468 898 3532 salutare
915 3473 949 3531 et
972 3468 1201 3534 indumentum
1215 3472 1371 3554 jocundi·

202 3575 282 3640 tatis
306 3574 375 3637 tuis
405 3570 559 3634 fidelibus
584 3570 780 3654 promisisti,
808 3569 1020 3634 clementiam
1047 3577 1140 3634 tuam
1168 3573 1369 3658 suppliciter

201 3697 389 3752 exoramus,
399 3681 437 3738 nt
446 3675 513 3736 haec
522 3673 726 3748 indumenta,
735 3672 960 3736 humilitatem
972 3673 1081 3736 cordis
1092 3679 1125 3738 et
1136 3680 1365 3762 contemptum

201 3781 315 3845 mundi
333 3777 567 3862 significantia,
584 3776 704 3859 quibus
719 3775 865 3839 famulus
889 3781 969 3840 tuus
986 3782 1105 3840 sancto
1121 3777 1305 3843 visibiliter
1319 3785 1374 3845 est

201 3882 430 3947 informandus
457 3880 640 3965 proposito,
665 3879 832 3963 propitius
856 3877 1054 3942 benedicere
1085 3879 1247 3964 digneris,
1272 3888 1313 3947 ut
1337 3889 1373 3948 et

201 3985 369 4051 castitatis
385 3985 536 4047 habitum
561 4004 658 4067 quem
675 3988 710 4045 te
733 3982 904 4066 aspirante
925 3988 1144 4066 suscepturus
1167 3989 1232 4061 est,
1246 3989 1282 4049 te
1299 4007 1376 4072 pro-

199 4093 335 4173 tegente
352 4087 529 4161 custodiat,
544 4091 578 4148 et
594 4107 690 4169 quem
707 4085 920 4149 vestimentis
936 4085 1132 4149 veneranda
1148 4088 1375 4171 professionis

197 4190 317 4265 induis,
333 4187 576 4272 perpetualiter
598 4189 700 4253 beata
722 4187 827 4253 facias
849 4186 1105 4254 immortalitate
1128 4189 1258 4254 vestiri.
1305 4192 1374 4257 Per

198 4293 386 4359 Dominum.
