2940 4996
169 387 233 453 160
522 388 741 451 Consecratio
764 387 954 473 Virpinnm.

217 592 251 650 Si
277 615 340 651 uero
364 593 461 671 piures
481 592 604 669 suerint,
634 593 754 670 sinquboe
781 615 894 673 qunque
925 616 1007 654 suam
1034 597 1154 656 divisim
1182 598 1331 658 decantent

165 691 363 767 antiphonam.

201 785 236 844 Si
240 785 318 861 forte
332 788 489 863 contiperit,
506 795 537 845 ut
551 808 598 846 seu
607 786 719 865 pudore
732 788 906 846 verecundior
918 796 1040 864 provata
1053 789 1110 847 siue
1118 789 1218 866 potius
1233 810 1328 848 omme

159 883 251 941 cordis
271 890 296 941 et
311 883 504 962 lacrymarum
524 884 672 943 dulcedine
688 893 834 962 procoentu
853 887 900 956 sit,
916 894 948 944 ut
968 894 1093 957 contum,
1107 907 1189 963 quem
1210 887 1327 964 incepit.

153 978 243 1052 finire
256 998 313 1035 non
325 979 422 1055 possit,
440 979 554 1038 contris
566 977 684 1038 ecctutu
697 977 740 1036 ud
753 979 855 1057 aliquo
876 980 937 1038 olio
946 989 1082 1058 prompto
1094 981 1132 1039 sit
1146 981 1186 1039 ad
1198 982 1326 1040 subveni·

161 1073 263 1131 endum
278 1073 334 1131 ilbi.

202 1171 369 1253 Sequitur
386 1173 576 1236 benedictio
593 1174 728 1251 annuli,
745 1173 806 1236 boc
822 1175 932 1236 modo.
1301 1158 1307 1213 ¹

201 1272 342 1338 Creator
358 1283 392 1338 et
411 1275 603 1338 consolator
624 1275 761 1339 humani
776 1275 922 1360 generis,
939 1274 1037 1341 dator
1051 1275 1171 1360 gratiae
1187 1276 1324 1361 spiritu·

157 1377 229 1452 alis,
241 1376 387 1463 largitor
398 1384 527 1442 aeternae
540 1379 674 1456 salutis,
683 1384 732 1457 tu,
742 1378 895 1456 Domine,
905 1379 1003 1444 mitte
1015 1379 1324 1461 beneffidictionem

156 1487 249 1545 tuam
265 1501 365 1564 snper
376 1481 466 1544 hunc
479 1481 650 1559 annulum,
666 1488 706 1546 ut
720 1481 900 1567 quasillum
915 1482 1113 1568 gestaverit,
1128 1483 1175 1547 sit
1189 1489 1321 1548 armata

156 1585 282 1648 virtute
302 1583 447 1649 coelestis
464 1584 679 1663 defensionis,
695 1592 734 1651 ut
748 1586 903 1672 proficiat
924 1586 975 1650 illi
995 1586 1037 1652 ari
1054 1592 1215 1653 aeternam
1232 1588 1320 1652 salu-

155 1694 234 1751 tem.
281 1688 346 1751 Per
361 1687 530 1752 Christum
548 1689 726 1753 Dominum
742 1697 905 1755 nostrum.

198 1789 278 1847 Tunc
292 1790 387 1848 mittut
401 1791 545 1868 episcopus
559 1792 699 1849 annulum
713 1793 746 1851 in
759 1792 884 1869 diuitum
897 1792 1021 1869 uirginis
1035 1793 1138 1851 diceus.

199 1885 374 1970 Desponso
387 1893 420 1951 te
431 1886 452 1951 J
455 1908 515 1951 esu
528 1886 674 1965 Christo,
686 1889 775 1953 Filio
788 1889 909 1953 summi
921 1889 1044 1967 Patris,
1057 1889 1115 1974 qui
1128 1894 1162 1955 te
1179 1888 1317 1955 illaesam

157 1991 335 2066 custodiat,
352 1995 387 2055 et
403 1992 445 2056 ab
461 1991 551 2054 omni
567 1991 656 2056 malo
671 1991 840 2057 defendat.
886 1993 1004 2058 Amen.

203 2095 251 2157 Et
266 2096 389 2158 uddut.

201 2201 323 2285 Accipe
340 2200 500 2267 annulum
515 2201 602 2278 fidei,
616 2201 827 2286 signaculum
841 2200 985 2286 Spiritus
1003 2201 1128 2278 Sancti,
1142 2206 1182 2266 ut
1195 2222 1319 2287 sponsa

159 2303 223 2368 Dei
239 2305 379 2381 voceris,
396 2311 431 2369 et
447 2304 504 2380 sis,
521 2303 548 2367 si
567 2303 598 2367 ei
614 2303 761 2368 fideliter
777 2304 945 2369 servieris.

204 2405 285 2466 Tunc
298 2407 377 2483 omno
391 2408 517 2465 decantet
530 2407 727 2484 ontipbon-om,
742 2406 846 2465 dicens.

202 2503 335 2568 Annulo
358 2525 431 2567 meo
448 2503 639 2567 subarravit
660 2523 713 2566 me
728 2502 893 2567 Dominus
907 2523 1013 2579 meus,
1028 2501 1049 2567 J
1052 2523 1131 2567 esus
1152 2502 1318 2578 Christus,

159 2614 194 2672 ct
208 2612 366 2691 tanquam
384 2628 540 2692 sponsam
555 2606 726 2671 decoravit
739 2628 792 2670 me
808 2626 939 2671 corona.

198 2711 310 2768 Deinde
323 2711 463 2788 accipiens
476 2730 585 2770 cereum
597 2729 690 2783 suum,
705 2709 808 2767 iterum
817 2717 979 2787 prosternat
992 2731 1020 2768 se
1033 2709 1072 2768 od
1084 2716 1315 2788 superventuram

158 2806 383 2865 benedictionem.

203 2900 283 2960 Tunc
296 2901 375 2959 dicut
387 2901 540 2979 episcopus.

201 2996 364 3061 Dominus
379 2997 562 3061 vobiscum.

200 3101 351 3164 Oremus.

202 3206 335 3270 Oratio.
379 3203 532 3287 Respice,
549 3222 747 3287 quaesumus,
761 3201 912 3279 Domine,
929 3202 1096 3287 propitius
1112 3224 1216 3288 super
1229 3205 1315 3270 hanc

154 3308 316 3374 famulam
338 3313 431 3372 tuam
459 3306 515 3383 N.‚
537 3313 577 3371 ut
602 3305 810 3391 virginitatis
837 3312 959 3371 sanctae
982 3306 1203 3391 propositum,
1226 3309 1315 3392 quod

154 3413 340 3498 inspirante
366 3416 401 3474 te
432 3411 589 3495 suscepit,
616 3409 795 3475 custodiat.
822 3412 996 3474 submisse.
1041 3410 1106 3475 Per
1134 3409 1314 3476 Dominum

155 3525 307 3581 nostrum
322 3514 450 3579 'iesum
477 3513 646 3578 Christum
669 3513 792 3578 Filium
819 3518 924 3590 tuum,
948 3513 1005 3598 qui
1031 3519 1142 3579 tecum
1171 3517 1256 3582 vivit
1281 3524 1316 3582 et

154 3627 275 3704 regnat
289 3619 324 3681 in
339 3617 468 3682 unitate
487 3617 632 3702 Spiritus
649 3616 764 3681 Sancti
779 3615 881 3681 Deus.

197 3725 376 3807 Proefotio.
747 3720 752 3725 ’

393 3889 489 3898 ..--
1146 3889 1183 3898 —

325 3911 437 3949 -Ι-Ι

197 4039 261 4101 Per
291 4037 446 4100 omni-a
479 4033 631 4099 sae-cu-la
662 4032 942 4098 saeculo-rum.
988 4033 1149 4098 A·men.

153 4195 659 4318 ξ-ΞΤΞΞΞ

197 4327 389 4395 Domi-nus
407 4348 447 4391 vo
465 4365 477 4376 -
492 4327 644 4392 bis-cum.
