2940 4996
567 426 786 490 consecratio
801 427 918 510 Rapis.
1258 428 1329 497 215,

162 629 351 693 sublimasti
363 652 370 704 ;
395 634 429 693 et
439 629 649 694 Salomonem
662 632 832 715 sapientiae
843 632 1000 717 pacisque
1011 633 1171 698 ineffabili
1185 655 1321 697 munere

162 732 299 809 ditasti3
323 732 465 816 respice,
488 755 689 817 quaesumus,
712 735 754 798 ad
777 756 893 820 preces
916 737 1117 811 humil-itatis
1139 743 1272 812 nostrae,
1288 745 1323 800 et

163 857 263 919 super
278 837 367 899 hunc
382 836 543 900 famulum
560 840 665 914 tuum,
682 858 779 920 quem
797 839 941 924 supplici
956 840 1132 905 devotione
1149 841 1182 905 in
1206 861 1320 925 regem

163 941 331 1026 eligimus,
361 941 628 1005 benedictionum
662 947 797 1006 tuarum
831 944 919 1008 dona
952 945 1148 1030 multiplica,
1179 966 1320 1029 eumque

163 1045 308 1108 dexterae
331 1051 395 1109 tnae
418 1046 570 1128 potentia
593 1066 724 1130 semper
747 1053 781 1111 et
808 1047 929 1131 ubique
954 1048 1133 1124 circumda,
1157 1052 1323 1131 quatenus

158 1149 307 1233 praedicti
323 1150 463 1212 Abrahae
478 1149 641 1214 fidelitate
657 1151 819 1228 firmatus,
837 1152 966 1236 Moysis
981 1153 1235 1217 mansuetudine
1251 1153 1312 1216 fre-

162 1260 229 1329 tus,
252 1253 364 1316 Josuee
388 1253 585 1317 fortitudine
611 1255 771 1331 munitus,
794 1253 903 1319 David
928 1256 1118 1320 humilitate
1142 1257 1321 1333 exaltatus,

153 1353 350 1419 ‘Salomonis
366 1356 532 1438 sapientia
547 1356 733 1432 decoratus,
749 1356 812 1420 tibi
835 1357 870 1419 in
886 1358 1038 1422 omnibus
1054 1358 1195 1443 placeat,
1211 1367 1246 1422 et
1260 1380 1321 1443 per

162 1459 331 1524 tramitem
339 1459 481 1542 justitiae
491 1460 653 1524 inoffenso
665 1461 771 1545 gradu
784 1482 914 1545 semper
925 1461 1068 1539 incedat,
1079 1463 1319 1548 ecclesiamque

161 1567 254 1626 tuam
270 1562 424 1646 deinceps
436 1584 509 1626 cum
522 1561 673 1647 plebibus
690 1562 754 1626 sibi
769 1563 909 1627 annexis
919 1564 967 1627 ita
979 1566 1126 1629 enutriat
1138 1587 1176 1629 ac
1192 1566 1319 1643 doceat,

163 1665 292 1729 muniat
317 1670 353 1730 et
377 1667 536 1742 instruat,
558 1671 738 1748 contraque
762 1687 876 1730 omnes
903 1668 1053 1732 visibiles
1076 1674 1110 1732 et
1133 1669 1319 1734 invisibiles

162 1770 277 1832 hostes
293 1768 400 1832 eidem
422 1773 577 1853 potenter
598 1768 824 1853 regaliterque
846 1775 911 1833 tuae
932 1770 1068 1835 virtutis
1090 1771 1239 1856 regimen
1262 1772 1320 1836 ad·

127 1895 129 1898 ’
162 1872 339 1948 ministret,
352 1878 386 1936 et
400 1871 442 1936 ad
458 1892 543 1936 verae
560 1871 634 1935 fidei
653 1873 813 1956 pacisque
830 1874 1038 1938 concordiam
1055 1895 1169 1938 eorum
1181 1875 1320 1952 animos,

163 1983 198 2041 te
209 1976 406 2061 opitulante,
418 1975 587 2051 reformet,
600 1980 638 2039 ut
649 1976 767 2038 horum
779 1975 976 2059 populorum
988 1978 1102 2042 debita
1114 1978 1321 2060 subjectione

163 2077 280 2157 fultus,
304 2100 378 2143 cum
405 2078 506 2163 digno
533 2098 646 2142 amore
667 2078 875 2162 glorificatus
898 2080 940 2143 ad
966 2089 1143 2164 paternum
1166 2081 1323 2144 decenter

165 2183 284 2246 solium
310 2190 369 2247 tua
399 2181 613 2246 miseratione
640 2181 860 2245 conscendere
886 2189 1073 2259 mereatur3
1098 2188 1164 2247 tuae
1189 2203 1319 2266 quoque

163 2287 380 2370 protectionis
395 2285 494 2371 galea
516 2285 673 2360 munitus,
690 2289 725 2349 et
748 2289 841 2348 sento
863 2284 1080 2369 insuperabili
1092 2285 1222 2370 jugiter
1236 2305 1319 2369 pro·

163 2395 284 2466 tectus,
310 2389 478 2471 armisque
508 2386 696 2452 coelestibus
727 2387 961 2463 circumdatus,
986 2388 1144 2472 optabilis
1174 2386 1320 2451 victoria

164 2492 368 2576 triumphum
398 2491 541 2555 feliciter
574 2491 694 2574 capiat,
725 2496 953 2573 terroremque
988 2511 1055 2554 suae
1085 2490 1241 2575 potentiae
1270 2489 1320 2551 in-

164 2595 317 2659 fidelibus
348 2596 419 2658 suis
448 2595 582 2670 inferat,
613 2598 648 2658 et
677 2615 792 2677 pacem
822 2594 885 2658 tibi
914 2594 1136 2658 militantibus
1167 2593 1321 2657 laetanter

162 2703 331 2783 reportet;
355 2719 416 2783 per
437 2697 617 2762 Dominum
644 2705 806 2773 nostrum,
828 2697 884 2781 qui
909 2699 1033 2762 virtute
1058 2699 1165 2762 crucis
1187 2702 1319 2761 tartara

163 2803 342 2878 destruxit,
356 2822 526 2887 regnoque
541 2799 664 2864 diaboli
682 2805 849 2884 superato,
865 2801 907 2864 ad
923 2800 1022 2865 coelos
1038 2801 1145 2866 vietor
1159 2799 1319 2875 ascendit,
1342 2827 1345 2831 ·

162 2905 195 2967 in
223 2926 288 2989 quo
315 2911 468 2989 potestas
494 2903 601 2968 omnis
627 2924 744 2987 regum
768 2904 921 2968 consistit
948 2911 983 2968 et
1006 2905 1164 2980 victoria3
1188 2903 1244 2988 qui
1267 2909 1320 2967 est

161 3005 272 3092 gloria
286 3007 461 3071 humilium
477 3013 511 3070 et
529 3007 600 3070 vita
616 3006 773 3090 salusque
789 3006 996 3091 populorum.
1042 3007 1104 3091 Qui
1120 3012 1240 3071 lecum.

205 3113 296 3176 Alia
322 3114 453 3177 Oratio.
500 3111 655 3187 Benedic,
672 3110 825 3187 Domine,
849 3111 936 3173 hune
959 3130 1073 3194 regem
1097 3116 1249 3174 nostrum
1273 3109 1317 3173 N.
1367 3145 1371 3151 ·

161 3214 218 3298 qui
230 3235 336 3299 regna
348 3215 494 3278 omnium
506 3213 692 3277 moderaris
704 3234 725 3277 a
736 3213 865 3289 saeculo,
880 3222 915 3276 et
929 3213 991 3276 tali
1004 3233 1077 3275 eum
1089 3212 1317 3276 benedictione
1346 3249 1348 3253 ·

162 3319 323 3403 glorifica,
339 3324 378 3382 ut
392 3317 559 3382 Davidicee
576 3322 691 3382 teneat
707 3317 926 3382 sublimitatis
948 3323 1127 3400 sceptrum,
1144 3320 1179 3380 et
1193 3314 1319 3400 glorifi-

161 3428 258 3486 catus
279 3422 314 3484 in
331 3423 404 3503 ejus
427 3421 614 3505 reperiatur
634 3420 775 3497 merit03
797 3421 841 3485 da
864 3419 894 3483 ei
918 3425 978 3483 tuo
1001 3417 1220 3502 inspiramine
1242 3439 1316 3482 cum

162 3525 419 3590 mansuetudine
443 3525 492 3587 ita
518 3544 636 3608 regere
663 3523 832 3609 populum,
859 3523 946 3587 sicut
974 3521 1184 3586 Salomonem
1207 3519 1319 3584 fecisti

159 3650 300 3714 regnum
331 3628 483 3693 obtinere
517 3627 710 3710 pacificum
749 3626 811 3690 tibi
845 3615 1076 3690 cnm'timore
1107 3644 1238 3710 semper
1271 3624 1316 3690 sit

160 3731 324 3807 subditus,
340 3730 468 3814 tibique
484 3729 607 3792 militet
623 3750 697 3792 cum
714 3728 845 3812 quiete;
870 3729 915 3793 sit
938 3734 996 3793 tuo
1012 3728 1128 3813 clypeo
1144 3732 1317 3812 protectus

157 3857 231 3900 cum
243 3834 447 3921 proceribus,
460 3838 495 3898 et
510 3833 632 3916 ubique
650 3839 708 3896 tun
719 3832 831 3917 gratia
842 3832 949 3896 victor
964 3834 1108 3907 existat;
1133 3831 1317 3896 honorifica

158 3960 234 4003 eum
257 3959 324 4018 prae
347 3937 476 4001 cunctis
502 3937 639 4021 regibus
661 3936 832 4020 gentium3
855 3934 938 3997 felix
961 3933 1094 4019 populis
1116 3934 1315 4010 dominetur,

160 4048 194 4108 et
205 4042 350 4107 feliciter
360 4062 436 4105 eum
447 4041 603 4105 nationes
615 4041 775 4113 adorent;
798 4038 893 4102 vivat
903 4038 993 4102 inter
1003 4038 1152 4122 gentium
1164 4043 1318 4102 catervas

159 4147 410 4232 magnanimum
435 4143 535 4207 sitin
557 4142 692 4227 judiciis
715 4140 885 4225 aequitatis
909 4139 1112 4226 singularis3
1136 4140 1319 4224 locupletet

158 4271 236 4313 eum
259 4256 319 4314 tua
341 4248 504 4333 praedives
526 4247 683 4319 dextera;
708 4242 903 4328 frugiferam
930 4243 1081 4308 obtineat
1104 4242 1259 4328 patriam,
1282 4250 1317 4306 et

160 4354 233 4438 ejus
255 4350 373 4416 liberis
400 4351 531 4416 tribuas
557 4348 754 4433 profutura;
778 4351 902 4431 praesta
928 4346 958 4411 ei
985 4346 1212 4431 prolixitatem
1239 4344 1316 4410 vite
