2940 4996
490 398 539 460 De
557 397 742 460 Ordinibus
762 396 990 479 Conferendis.
1254 397 1316 460 311

460 772 711 838 ORDINATIO
735 771 1023 838 SUBDIAOONI.

205 973 400 1033 Sabdiaconas
420 996 483 1033 cam
501 975 664 1045 ordinatur,
684 975 754 1052 qaia
774 994 876 1032 manas
896 973 1105 1052 impositionem
1126 994 1183 1032 non
1204 973 1319 1051 accipit,

164 1079 299 1147 patenam
320 1071 353 1128 de
376 1091 465 1128 mana
487 1069 611 1148 episcopi
635 1069 761 1146 accipiat
783 1088 913 1139 aacaam,
935 1076 960 1126 et
983 1067 1099 1127 calicem
1124 1088 1267 1126 oacaam:
1286 1068 1321 1125 de

164 1186 254 1223 mana
267 1164 466 1224 archidiaconi
479 1165 603 1243 accipiat
617 1165 759 1222 arceolam
773 1183 837 1222 cam
849 1161 1034 1240 aquamanili
1046 1182 1080 1219 ac
1090 1169 1298 1239 manatcrpiam
1312 1183 1322 1232 ,¹

164 1267 190 1317 et
203 1259 291 1317 dicat.
1272 1308 1279 1317 .

206 1353 302 1430 Vide,
329 1355 425 1437 cujus
451 1353 673 1418 ministerium
701 1352 763 1417 tibi
792 1343 961 1428 traditum
992 1357 1028 1416 et
1053 1351 1128 1415 ideo
1156 1350 1184 1415 si
1214 1372 1321 1434 usque

163 1477 250 1520 nunc
265 1456 360 1520 fuisti
374 1457 492 1520 tardus
515 1456 558 1520 ad
574 1454 772 1531 Ecclesiam,
787 1452 906 1518 amodo
929 1453 1032 1518 debes
1048 1474 1123 1518 esse
1144 1453 1301 1519 assiduus
1314 1477 1322 1530 ;

163 1558 193 1620 si
223 1579 329 1642 usque
359 1580 448 1622 nunc
479 1557 720 1632 somnolentus,
750 1555 870 1620 amodo
900 1554 1005 1639 vigil;
1038 1556 1066 1619 si
1097 1578 1203 1640 usque
1233 1553 1321 1621 nunc

161 1658 324 1735 ebriosus,
345 1659 463 1724 amodo
491 1659 641 1735 sobrius;
667 1658 695 1721 si
722 1649 827 1741 usque
854 1678 942 1721 nunc
968 1657 1176 1735 inhonestus,
1200 1661 1319 1723 amodo

161 1767 291 1826 cautus.
336 1762 533 1826 Oblationes
550 1784 621 1846 quae
638 1762 776 1825 veniunt
792 1761 826 1824 in
843 1760 946 1825 altari
962 1780 1067 1845 panes
1082 1763 1321 1846 propositionis

162 1863 386 1949 appellantur.
430 1864 480 1928 De
507 1864 592 1949 ipsis
622 1862 847 1927 oblationibus
873 1867 1005 1927 tantum
1037 1863 1136 1927 debet
1160 1864 1194 1927 in
1220 1864 1320 1929 altari

159 1968 240 2051 poni
264 1970 426 2050 quantum
454 1966 577 2052 populo
605 1966 713 2050 possit
741 1967 903 2042 sufficere,
927 1986 969 2028 ne
997 1964 1125 2049 aliquid
1149 1967 1319 2050 putridum

160 2071 195 2133 in
211 2071 358 2135 sacrario
378 2079 561 2136 remaneat.
607 2070 710 2135 Pallae
733 2091 811 2133 vero
831 2092 902 2154 quae
927 2076 1006 2133 sunt
1027 2070 1063 2132 in
1087 2071 1318 2147 substratorio,

158 2170 193 2235 in
224 2171 290 2236 alio
321 2165 400 2236 v⁰ase
427 2173 550 2237 debent
578 2171 697 2248 lavari,
725 2171 760 2236 in
787 2169 855 2236 alio
882 2170 1074 2255 corporales
1097 2172 1206 2256 pallae.
1251 2174 1319 2238 Ubi

156 2274 254 2358 pallae
284 2274 475 2358 corporales
504 2274 625 2339 lavatae
656 2275 793 2346 fuerint,
821 2273 953 2337 nullum
981 2273 1165 2339 linteamen
1196 2274 1317 2339 ibidem

156 2377 248 2442 aliud
278 2377 385 2441 lavari
416 2378 534 2453 debet;
564 2377 640 2460 ipsa
670 2398 758 2460 aqua
788 2377 822 2438 in
851 2376 1053 2461 baptisterio
1083 2377 1184 2442 debet
1214 2379 1318 2463 vergi.

159 2479 250 2555 Ideo,
266 2488 301 2544 te
317 2480 490 2556 admoneo,
507 2485 545 2544 tu
561 2480 664 2544 talem
680 2485 714 2543 te
731 2479 861 2554 exhibe,
876 2491 916 2542 ut
930 2478 1002 2543 Deo
1017 2479 1152 2563 placere
1168 2481 1289 2564 possis.
1370 2487 1372 2492 ’

201 2581 244 2641 El
258 2582 356 2639 tradat
369 2582 397 2639 ei
410 2581 526 2640 calicem
540 2589 565 2639 et
577 2589 720 2657 patenam.

569 2674 709 2751 Praefatio
723 2673 899 2732 subdiaconi.

205 2772 346 2836 Oremus
357 2771 463 2834 Deum
480 2793 518 2834 ac
534 2770 711 2834 Dominum
725 2776 888 2845 nostrum,
901 2776 939 2834 ut
955 2791 1057 2854 super
1073 2791 1206 2835 servum
1220 2793 1315 2836 suum
1349 2757 1352 2760 ’

162 2875 226 2950 ill,
256 2895 354 2957 quem
380 2874 423 2937 ad
453 2873 712 2937 subdiaconatus
743 2871 885 2936 officium
916 2894 1036 2937 vocare
1066 2873 1225 2958 dignatus
1255 2881 1317 2951 est,

162 2976 317 3041 infundat
331 2975 595 3038 benedictionem
612 2980 646 3039 et
666 2974 810 3059 gratiam
828 2994 932 3050 suam,
949 2975 1037 3038 utin
1061 2981 1241 3058 conspectu
1257 2997 1317 3040 suo

159 3079 304 3143 fideliter
326 3079 486 3152 serviens,
510 3077 750 3160 praedestinata
774 3076 900 3139 sanctis
923 3075 1059 3160 praemia
1081 3083 1316 3161 consequatur,

161 3183 345 3248 auxiliante
368 3182 509 3245 Domino
532 3186 648 3244 nostro
670 3181 752 3244 Jesu
777 3177 923 3256 Christo,
941 3181 997 3263 qui
1021 3201 1095 3244 cum
1119 3201 1159 3244 eo
1182 3181 1267 3246 vivit
1282 3191 1316 3246 et

161 3291 284 3371 regnat
298 3284 390 3348 Deus
406 3305 466 3368 per
481 3284 593 3347 omnia
609 3283 738 3347 saecula.

582 3384 750 3443 Benedictio
764 3384 895 3460 ejusdem.

205 3482 356 3558 Domine,
374 3486 487 3545 sancte
504 3481 615 3556 Pater,
631 3479 841 3564 omnipotens
858 3485 979 3543 aeterne
1002 3479 1106 3555 Deus,
1121 3480 1314 3546 benedicere

163 3583 310 3669 digneris
325 3582 486 3646 famulum
503 3587 599 3645 tuum
615 3580 703 3645 hunc
724 3602 822 3665 quem
839 3581 881 3645 ad
899 3580 1157 3645 subdiaconatus
1172 3582 1313 3647 officium

163 3687 288 3771 eligere
311 3684 470 3769 dignatus
491 3705 539 3759 es,
566 3689 604 3747 ut
631 3705 705 3767 eum
737 3683 885 3747 sacrario
910 3688 970 3746 tuo
1000 3688 1117 3746 sancto
1144 3689 1316 3750 strenuum

164 3789 410 3870 sollicitumque
435 3785 560 3849 coelesti
585 3785 712 3850 militiae
739 3785 909 3861 instituas,
936 3790 971 3848 et
1001 3784 1126 3850 sanctis
1151 3786 1316 3852 altaribus

162 3890 308 3954 fideliter
322 3888 563 3964 subministret,
580 3893 614 3951 et
636 3887 825 3971 requiescat
848 3907 947 3970 super
969 3907 1044 3949 eum
1061 3885 1206 3970 Spiritus
1229 3893 1317 3976 sapi·

163 3994 260 4057 entiae
281 3996 315 4054 et
337 3989 540 4065 intellectus,
558 3989 704 4074 Spiritus
728 3988 858 4053 consilii
882 4003 916 4052 et
937 3987 1154 4066 fortitudinis,
1171 3990 1316 4077 Spiritus

163 4096 309 4161 scientiae
325 4100 360 4159 et
375 4093 522 4178 pietatis.
568 4092 713 4177 Repleas
729 4114 804 4156 eum
822 4091 951 4175 Spiritu
966 4091 1098 4156 timoris
1113 4093 1176 4170 tui,
1190 4102 1225 4161 et
1239 4119 1314 4166 eum

163 4196 351 4262 ministerio
375 4196 488 4258 divino
513 4195 700 4270 confirmes,
722 4200 759 4258 ut
786 4193 945 4258 obediens
971 4193 1073 4259 factis
1098 4200 1199 4278 atque
1226 4200 1314 4268 dicto

161 4321 293 4386 parens,
310 4305 401 4363 tuam
419 4299 562 4382 gratiam
580 4303 813 4380 consequatur.
859 4297 933 4360 Per.
