2940 4996
409 397 611 463 Benedictio
626 399 801 464 Eremitee.

396 787 687 871 [BENEDIOTIO
709 789 954 879 EREMITAE.]

142 1024 306 1090 Dominus
324 1026 507 1091 vobiscum.

144 1129 296 1194 Oremus.

143 1231 246 1311 Deus,
263 1236 319 1319 qui
334 1234 422 1299 filios
445 1235 552 1300 Israel
568 1236 602 1300 in
625 1235 729 1299 eremi
745 1234 925 1302 solitudine
948 1256 1070 1300 manna
1091 1233 1258 1320 pascendo

100 1336 227 1402 coelesti
264 1339 486 1424 quadraginta
523 1339 621 1403 annis
663 1360 797 1404 manere
834 1339 955 1416 fecisti,
994 1339 1115 1423 quique
1152 1339 1256 1402 vitam

100 1441 307 1505 eremiticam
323 1446 391 1506 tarn
408 1463 468 1525 per
484 1442 606 1506 Filium
623 1448 717 1506 tuum
741 1442 786 1505 xl.
802 1442 920 1507 diebus
936 1445 972 1507 ct
993 1441 1038 1505 xl.
1054 1440 1209 1506 noctibus
1224 1441 1260 1504 in

98 1542 231 1606 deserto
244 1543 465 1626 jejunantem,
482 1566 579 1628 quam
597 1565 657 1628 per
672 1546 848 1630 utriusque
864 1544 1059 1610 testamenti
1075 1545 1257 1629 prophetas

100 1648 136 1708 et
165 1653 301 1710 sanctos
332 1647 366 1709 in
400 1667 511 1710 eremo
542 1648 702 1732 degentes
736 1649 799 1713 tibi
829 1669 895 1712 non
925 1648 1091 1712 modicum
1124 1645 1257 1732 placere

100 1749 299 1812 monstrasti
310 1771 318 1824 ;
343 1749 483 1812 concede
496 1751 671 1834 propicius,
683 1755 721 1815 ut
731 1751 786 1814 hic
797 1751 944 1815 famulus
956 1757 1036 1815 tuus
1047 1751 1104 1827 Ν.,
1116 1749 1258 1814 similem

96 1871 157 1935 pro
184 1850 319 1914 modulo
344 1873 405 1915 suo
436 1853 567 1938 eligens
593 1854 709 1929 vitam,
738 1854 786 1918 sic
812 1855 846 1918 in
877 1855 1049 1939 proposito
1079 1852 1269 1917 eremiticae·

99 1953 281 2038 disciplinae
305 1977 415 2019 mores
443 1976 522 2020 suos
552 1961 671 2032 mutet,
697 1963 793 2042 aptet
817 1964 852 2022 et
878 1962 1066 2040 componat,
1091 1962 1258 2040 quatenus

98 2064 355 2141 perseveranter
370 2059 547 2141 proficiens
563 2060 605 2123 ad
620 2061 723 2144 hujus
739 2061 816 2124 vitae
836 2060 1074 2145 perfectionem
1090 2059 1258 2144 attingere

102 2165 137 2224 et
167 2162 209 2226 ad
238 2162 362 2247 gaudia
391 2163 616 2246 perfectorum
646 2162 763 2229 valeat
792 2164 977 2248 pervenire.
1022 2163 1087 2227 Per
1116 2162 1258 2226 eundem

102 2263 282 2328 Dominum
298 2271 461 2330 nostrum.

142 2367 307 2425 Benedictio
321 2369 442 2427 babitus.

156 2463 299 2528 Domine
332 2464 416 2528 Jesu
450 2464 597 2542 Christe,
629 2467 686 2550 qui
717 2471 852 2552 tegmen
884 2473 1008 2531 uostrae
1037 2463 1258 2530 mortalitatis

98 2566 237 2630 induere
262 2567 422 2652 dignatus
453 2589 499 2644 es,
528 2570 743 2633 obsecramus
774 2571 970 2634 immensam
1000 2572 1066 2634 tuce
1095 2567 1259 2636 bonitatis
1342 2563 1344 2567 ’

102 2670 342 2737 abundantiam
372 2672 407 2734 in
436 2673 499 2736 hoc
529 2694 636 2758 genus
666 2674 859 2738 vestimenti
886 2675 973 2758 quod
1005 2673 1113 2739 sancti
1142 2675 1259 2758 patres

101 2775 209 2839 nostri
225 2775 268 2838 ad
290 2776 485 2839 innocentiae
507 2776 560 2839 vel
583 2777 785 2841 humilitatis
807 2777 962 2842 indicium
985 2776 1260 2842 renuntiantibus

101 2880 221 2946 saeculo
247 2879 335 2943 ferre
364 2885 560 2956 sanxerunt,
588 2886 626 2945 ut
652 2881 702 2946 ita
728 2881 925 2945 benedicere
952 2882 1112 2967 digneris,
1139 2885 1179 2945 ut
1203 2880 1258 2945 hic

98 2984 255 3060 famulus,
272 2984 329 3068 qui
352 2985 415 3048 hoo
431 3005 513 3047 usus
536 2984 699 3062 fuerit,te
723 2984 861 3050 inducre
877 2992 1059 3051 mereatur.
1104 2985 1257 3070 Quicum

103 3085 174 3152 Deo
192 3087 294 3151 Patri.
412 3076 418 3085 ’

144 3189 275 3248 Dicatur
288 3192 316 3248 ei
328 3193 381 3248 isto
396 3192 487 3248 inodo.

148 3289 278 3364 Frater,
290 3309 364 3351 ecce
381 3288 499 3352 damus
514 3289 577 3352 tibi
589 3289 740 3353 habitum
757 3290 913 3368 eremitae,
926 3311 1000 3354 cum
1012 3311 1077 3374 quo
1088 3310 1262 3356 monemus
1308 3349 1310 3352 ,

100 3400 136 3460 te
159 3396 272 3457 vivere
295 3394 413 3457 amodo
437 3399 540 3470 caste,
565 3396 687 3470 sobrie,
710 3401 745 3458 et
767 3401 893 3471 sancte,
916 3395 951 3458 in
974 3395 1100 3459 sanctis
1122 3395 1260 3482 vigiliis,

97 3497 248 3583 jejuniis,
283 3497 467 3574 laboribus,
500 3498 654 3580 precibus
689 3503 723 3562 et
756 3496 990 3562 misericordia
1024 3498 1191 3582 operibus,
1221 3502 1261 3563 ut

103 3605 231 3668 habeas
244 3603 349 3667 vitam
365 3607 533 3679 aeternam,
547 3607 581 3666 et
594 3603 688 3665 vivas
700 3603 735 3665 in
752 3600 875 3666 seecula
887 3601 1094 3667 saeculorum.
1138 3603 1258 3666 Amen.

146 3709 380 3789 Respondeat.
425 3707 471 3770 Et
483 3728 546 3791 ego
562 3707 689 3790 recipio
703 3706 736 3769 in
752 3707 886 3771 nomine
901 3707 1050 3784 Domini,
1061 3707 1263 3791 promittens

103 3833 156 3876 me
189 3811 369 3875 secundum
401 3831 501 3894 posse
537 3810 585 3874 sic
614 3810 796 3887 facturum,
825 3810 890 3875 Dei
922 3810 1107 3896 adjuvante
1136 3811 1262 3897 gratia,

102 3916 325 4001 precibusque
343 3919 549 3978 sanctorum.

145 4018 218 4076 Onne
232 4017 351 4074 indutus
357 4015 461 4092 fuerit,
477 4015 658 4073 benedicatur
671 4017 725 4074 isto
738 4016 831 4076 niodo.

148 4113 333 4179 Benedicat
348 4118 382 4175 te
398 4111 573 4188 Dominus,
590 4117 624 4176 et
646 4112 793 4197 gratiam
814 4113 899 4177 bene
922 4111 1056 4178 vivendi
1071 4113 1212 4194 tribuat,
1229 4121 1263 4182 et

102 4218 144 4283 ad
161 4217 267 4283 vitam
283 4214 446 4301 perducat
462 4219 632 4280 aeternam.
678 4217 798 4280 Amen.
