2940 4996
466 426 665 490 Benedictio
682 428 887 489 Abbatissa.

379 918 671 996 [BENEDIOTIO
694 918 981 1004 ABBATISSAE.]

34 1160 37 1172 ¹
143 1169 275 1250 Incipit
293 1173 480 1237 benedictio
496 1196 598 1256 saper
614 1177 837 1238 abbatissam.

141 1268 211 1327 Post
224 1273 400 1348 evangelium
412 1283 571 1351 prosternat
584 1297 611 1333 se
624 1276 709 1333 eiecta
727 1286 791 1334 ante
805 1277 895 1334 altare
908 1297 972 1334 cam
992 1276 1101 1333 duabus
1114 1275 1156 1332 oeb
1170 1276 1258 1333 tribues

103 1363 135 1422 de
155 1366 295 1423 sororibus
307 1368 376 1439 sais,
386 1369 515 1446 fiantque
536 1370 579 1426 ibi
591 1371 812 1428 comminationes
832 1380 857 1429 et
871 1371 1110 1446 interrogationes,
1126 1378 1157 1426 nt
1170 1391 1259 1447 snpm

102 1459 134 1517 in
148 1459 335 1519 benedictione
349 1463 464 1520 abbatis.
507 1463 549 1520 Et
562 1464 637 1520 inter
650 1473 738 1522 cetera
753 1467 875 1522 dicatur.

143 1555 194 1618 Ut
221 1576 369 1620 sororem
396 1565 546 1624 nostram
578 1561 716 1625 electam
745 1562 949 1625 abbatissam
976 1561 1088 1646 gratia
1115 1559 1260 1644 Spiritus

102 1657 217 1721 Sancti
232 1658 405 1724 illustrare
421 1667 455 1725 et
470 1663 667 1727 benedicere
684 1664 843 1748 digneris.

142 1761 251 1830 Quibus
265 1764 388 1840 sapietis,
404 1767 546 1824 benedicat
558 1788 620 1824 eant
634 1768 777 1844 episcopas
791 1768 961 1824 inclinatam
976 1768 1075 1844 capite,
1090 1769 1192 1826 dicens.

144 1856 308 1922 Dominus
325 1861 505 1924 vobiscum.

146 1959 296 2025 Oremus.
558 2029 560 2034 ,

145 2062 288 2141 Exaudi,
311 2065 463 2143 Domine,
487 2089 602 2152 preces
625 2072 770 2144 nostras,
794 2073 828 2130 et
851 2087 950 2151 super
973 2066 1133 2130 famulam
1157 2074 1260 2145 tuam,
1370 2068 1372 2072 '

102 2165 266 2250 Spiritum
282 2174 346 2231 tuae
361 2169 602 2233 benedictionis
617 2169 772 2246 infunde;
797 2175 835 2232 ut
850 2168 975 2232 coelesti
991 2189 1127 2231 munere
1143 2170 1261 2245 ditata,

102 2275 139 2332 et
155 2275 219 2332 tuse
243 2271 431 2353 majestatis
447 2271 534 2335 dona
554 2272 663 2355 possit
685 2273 867 2354 acquirere,
883 2279 918 2333 et
931 2271 1015 2333 bene
1037 2270 1171 2332 vivendi
1187 2270 1263 2333 aliis

102 2372 294 2457 exemplum
310 2375 420 2457 possit
434 2375 591 2457 praeberc.
636 2375 702 2438 Per
716 2373 905 2438 Dominum.

148 2478 301 2539 Oramus.

151 2577 433 2662 Omnipotentiam
449 2583 541 2642 tuam
567 2577 739 2642 humiliter
761 2578 986 2661 imploramus,
1002 2582 1040 2641 ut
1064 2599 1163 2663 super
1177 2579 1263 2642 hanc

103 2678 265 2743 famulam
282 2686 383 2756 tuam,
397 2702 495 2764 quam
512 2680 696 2744 adsacrum
712 2681 906 2763 mysterium
920 2683 1090 2744 assumere
1106 2680 1264 2764 dignatus

103 2806 152 2861 es,
166 2784 405 2849 benedictionis
422 2791 488 2848 tuae
504 2786 625 2848 donum
638 2785 816 2869 dignanter
831 2784 997 2861 infundas,
1009 2785 1104 2868 eique
1120 2785 1263 2870 gratiam

106 2887 382 2950 sanctificationis
397 2888 537 2963 tribuas,
548 2895 587 2950 ut
603 2889 688 2969 quod
702 2886 852 2971 percipit,
865 2890 898 2949 te
911 2892 1107 2971 protegente
1123 2887 1263 2949 illaesum

102 2991 281 3054 custodiat.
312 2992 481 3054 submissa
514 3012 602 3054 uoce.
659 2990 724 3053 Per
755 2988 933 3051 Dominum
963 2995 1114 3052 nostrum
1148 2989 1264 3053 Jesum

105 3092 278 3156 Christum
302 3093 422 3156 Filium
447 3099 553 3169 tuum,
570 3093 625 3177 qui
641 3099 750 3157 tecum
774 3093 858 3156 vivit
881 3097 916 3156 et
936 3099 1056 3177 regnat
1078 3093 1111 3154 in
1135 3093 1264 3156 unitate

104 3195 251 3280 Spiritus
268 3197 379 3260 Sancti
394 3195 496 3260 Deus.

149 3561 215 3623 Per
240 3558 329 3622 omni
346 3596 359 3608 -
376 3579 397 3622 a
422 3580 473 3623 sae-
484 3557 575 3622 cula
599 3578 699 3621 see-cu
711 3595 723 3605 ·
735 3557 767 3620 lo
778 3599 789 3608 -
800 3579 884 3620 rum.

146 3921 340 3986 Do-mi-uus
371 3941 412 3982 vo
428 3957 441 3968 -
457 3919 626 3982 bis-cum.

99 4125 491 4257 ΞΕ*

146 4287 284 4350 Sursum
317 4302 397 4345 cor·
414 4280 465 4344 da.
