2940 4996
152 388 216 451 362
564 392 770 455 ordination
788 390 894 453 Lista.

195 579 388 645 Willelmus
404 583 602 646 Bakehouae
618 583 658 646 de
675 582 787 666 Misyn

194 681 390 748 Willelmus
405 684 583 748 Wilkokea
599 685 765 769 parochiae
781 685 821 748 (16
838 683 981 748 01611611

195 784 365 851 Henricus
381 788 516 851 Blomer
532 790 572 852 de
589 788 733 872 Topeliff

197 887 460 975 Christopherus
477 893 600 976 Scroby
616 893 656 955 de
673 893 856 976 Brompton

196 994 358 1061 Ricardua
373 997 512 1061 Dukker
527 1000 567 1062 de
585 1001 706 1082 Mysyn

197 1100 343 1164 Thomas
359 1101 559 1187 Kyngeston
576 1103 616 1166 (16
632 1102 859 1187 Whesington

194 1204 388 1269 Willelmus
405 1207 553 1271 Standen
569 1208 733 1291 parochiae
750 1206 943 1271 Slaiteburn

195 1309 347 1393 Rogerus
365 1311 496 1394 Morley
511 1312 674 1395 parochiae
690 1312 730 1375 de
748 1311 922 1374 Slaitburn

194 1413 347 1496 Rogerua
364 1415 506 1477 Browne
522 1415 562 1478 de
579 1415 709 1499 Kirkby
727 1436 827 1499 super
842 1415 969 1478 Wharf

194 1515 390 1580 Wlllelmus
406 1518 517 1601 Tyson
533 1519 574 1581 de
591 1519 750 1603 Pikering
1001 1506 1004 1515 ’

197 1621 320 1683 Petrus
338 1622 437 1684 stede
454 1622 495 1684 de
512 1621 666 1706 Molseby

197 1725 217 1787 J
221 1726 370 1788 ohannes
387 1726 521 1809 Thorpe
537 1726 577 1788 de
594 1726 751 1790 Midilton

195 1826 393 1891 Willelmus
411 1827 528 1892 Gilson
545 1829 585 1891 de
602 1829 695 1892 Drax

197 1932 343 1996 Thomas
359 1932 478 1996 Olerke
494 1934 534 1996 de
553 1934 673 2017 Swyna

195 2037 359 2100 Ricardus
377 2037 573 2121 Stewynson
590 2039 631 2101 de
647 2038 824 2122 Melaynby

196 2141 387 2204 Willelmus
404 2142 620 2206 Williamson
636 2143 676 2205 de
692 2142 853 2226 Esahilby

197 2247 365 2309 Antonius
381 2246 502 2308 Fisher
519 2247 559 2309 (16
576 2246 761 2310 Eversham

196 2349 364 2412 Robertus
383 2349 513 2412 Benson
529 2349 570 2412 de
586 2350 829 2433 Knaresburgh

197 2453 343 2516 Thomas
359 2453 473 2537 Rapar
487 2454 527 2516 (16
544 2454 687 2517 Warton

197 2558 342 2620 Thomas
361 2557 530 2620 Shurroke
546 2558 586 2620 de
603 2558 804 2621 Ribehester

195 2662 216 2725 J
218 2662 340 2725 aeobus
357 2660 500 2724 Metealf
511 2661 552 2723 de
569 2661 710 2745 Wytton

196 2766 216 2828 J
219 2766 369 2828 ohannes
387 2764 539 2847 Skynner
554 2764 595 2827 de
609 2765 775 2848 Ayaearth

196 2867 426 2932 Christoferus
443 2866 583 2930 Walker
598 2868 638 2930 (16
655 2868 839 2931 Richmond

196 2972 365 3035 Henricus
381 2972 549 3034 Thomson
566 2972 607 3034 (16
624 2971 743 3035 Bolton
760 2972 792 3035 in
811 2971 1020 3035 Wensladall

196 3077 364 3138 Robertus
382 3073 512 3158 Coghill
529 3075 569 3137 de
588 3073 747 3159 Skrew'yn

196 3180 383 3242 Richardus
398 3177 531 3241 Denton
547 3179 587 3241 de
604 3180 812 3243 Ribchester·

197 3283 390 3345 Willelmus
408 3282 521 3344 Sawre
538 3282 578 3344 de
596 3281 766 3366 Ohepinge

197 3387 339 3449 Elezeus
356 3384 560 3448 Orummlum
577 3386 618 3447 (16
635 3385 840 3449 Rebahester

197 3494 342 3555 Thomas
361 3490 557 3553 Wederhall
573 3491 614 3553 (16
632 3491 768 3553 Sharow

194 3598 362 3660 Hearieus
379 3595 579 3680 Tyttington
596 3595 636 3657 (16
652 3595 782 3679 Kirkby
798 3595 832 3657 in
848 3593 1023 3658 Lonsdaill

612 3801 836 3864 Sabdiacom'.

197 3910 316 3971 Frater
331 3905 352 3968 J
355 3906 505 3967 ohannes
522 3903 661 3968 Hobson
872 3901 1023 3968 canonici
1040 3901 1217 3966 Prioratus
1235 3903 1286 3968 Sci

198 3996 317 4058 Frater
333 3993 501 4055 Robertus
517 3992 652 4057 Holden
838 3909 856 4073 }
872 3989 1019 4055 Oswaldi
1035 3989 1075 4052 de
1092 3988 1265 4054 Noatellea

195 4099 315 4159 Frater
330 4095 494 4157 Ricardus
510 4094 628 4157 Tavell
645 4094 833 4158 Canonieua
848 4094 1018 4178 prioratus
1033 4091 1074 4156 (16
1090 4091 1234 4156 Watton

197 4202 317 4263 Frater
334 4201 479 4263 Thomas
496 4199 614 4263 Marah
755 4197 944 4368 Jmonachi
959 4195 1133 4282 prioratus
1149 4195 1191 4260 (16
1207 4197 1296 4261 Pont.

197 4290 317 4351 Frater
331 4287 351 4350 J
354 4288 477 4350 arabus
494 4286 664 4348 Thwaites
