2940 4996
488 390 860 468 oeoautouaauoe.
1207 382 1253 472 '65

131 586 246 647 Deinde
266 589 408 667 episeopus
429 591 585 650 cumomni
604 590 675 649 clero
689 592 723 649 de
740 591 853 649 ecclesio
873 598 959 662 ooeot,
976 600 1001 648 et
1014 601 1133 668 sporpot
1147 614 1253 670 aquom

90 683 264 742 benedictam
284 685 405 763 inferius
427 707 478 763 per
496 687 621 764 parietes
642 686 675 744 ia
698 687 820 744 circuitu
790 695 867 744 tet
890 686 1017 764 desuper,
1039 696 1064 747 et
1087 688 1211 765 incipiat
1234 711 1253 748 a

90 778 204 836 deutera
220 788 305 857 porte
325 782 442 840 orientis
461 803 546 860 sosque
566 782 636 840 dum
657 783 762 840 iterum
782 782 912 840 redeat
897 803 932 841 ιιι
951 785 1094 856 orientem,
1110 787 1253 846 contundo

91 873 164 932 hono
178 874 373 952 autiphonam.

90 998 1253 1116 Q

135 1145 397 1211 Fundamenta
425 1147 542 1231 templi
571 1148 617 1210 hu
632 1185 645 1196 -
656 1149 715 1230 jus
742 1149 829 1231 sapi
844 1185 857 1197 ·
874 1148 958 1211 en-ti
974 1168 1017 1212 -a
1048 1169 1087 1211 su
1103 1185 1116 1196 ·
1132 1169 1161 1212 a
1176 1149 1252 1212 fun-

92 1821 195 1885 an-ge
208 1838 221 1849 -
236 1838 250 1850 ·
263 1799 308 1863 li:
340 1801 368 1865 si
398 1800 484 1863 ir-ru
501 1838 514 1849 -
530 1806 590 1864 ant
604 1801 710 1863 ven-ti
740 1804 775 1865 et
804 1801 849 1863 flu
864 1839 877 1851 ·
893 1807 952 1865 ant
966 1801 1133 1868 flami-ua
1183 1825 1251 1869 non

93 2135 327 2213 possunte-
314 2149 365 2192 -a
399 2148 468 2191 mo·
478 2148 547 2192 ve·
563 2149 599 2191 re
637 2148 817 2211 un-:quam
854 2126 1082 2191 fun-da-ta
1118 2131 1249 2193 e-nim

94 2266 794 2407 ΞῈΞ

95 2461 142 2504 e·
157 2436 269 2520 raut[
257 2436 398 2524 [·]supsa
422 2439 476 2501 fir-
463 2459 564 2502 mam
582 2445 661 2521 pet·
649 2459 754 2501 -.ram

326 2577 721 2729 Q

138 2754 315 2820 Psolmua
358 2753 432 2817 Fun
448 2790 461 2800 ·
476 2752 609 2816 damen
625 2788 638 2802 -
654 2756 699 2816 ta.

138 2877 273 2955 Sequitur
286 2873 377 2933 oratio
390 2873 424 2931 in
437 2873 540 2950 onpalo
553 2872 678 2931 orientis.

139 2972 303 3039 Dominus
318 2969 496 3034 vobiscum.

139 3076 186 3141 Et
201 3094 275 3138 oum
292 3071 412 3158 spiritu
426 3075 493 3135 tuo.

141 3179 294 3242 Oramus.
429 3159 433 3166 ⁸

140 3281 357 3364 Omnipotens
374 3277 574 3363 sempiterne
589 3275 691 3354 Deus,
704 3277 760 3360 qui
776 3281 909 3341 sanetas
925 3281 1039 3361 portas
1052 3277 1139 3363 Syon
1156 3298 1257 3363 super

97 3387 208 3453 omnia
231 3382 447 3449 tabernacula
468 3381 572 3446 Jacob
588 3379 709 3464 diligis,
725 3382 768 3444 da
788 3381 877 3456 huie,
892 3402 1090 3463 quaesumus,
1106 3381 1256 3460 Domine,

96 3489 210 3557 domui
224 3484 517 3557 beneffldiotionem
533 3488 626 3547 tuam
642 3491 677 3548 et
691 3489 830 3567 pnaesta3
854 3489 891 3548 ut
912 3489 1033 3547 nostrae
1048 3484 1124 3548 fidei
1139 3485 1256 3550 funda·

95 3596 210 3657 menta
225 3588 317 3654 nulla
333 3586 554 3671 spiritualium
571 3585 792 3669 nequitiarum
808 3586 1056 3669 impedimenta,
1068 3586 1162 3652 nulla
1177 3609 1256 3653 ven-

96 3703 207 3762 torum
222 3693 356 3757 flamina
370 3695 429 3754 aut
443 3690 517 3754 dira
531 3689 787 3775 temptationum
802 3689 940 3753 flumina
960 3711 1107 3773 unquam
1122 3690 1257 3758 valeant

98 3799 252 3883 dejicere.
297 3795 362 3858 Pei·
375 3792 564 3857 Dominum.

140 3901 266 3980 Sporyot
291 3896 409 3955 secondo
435 3897 577 3974 episcopus
603 3894 706 3973 deforis
732 3915 786 3972 per
810 3895 933 3972 parietes
961 3894 1049 3954 altius
1075 3894 1110 3954 in
1135 3895 1260 3956 circuito

102 3996 227 4067 ecclesio,
242 4012 306 4051 cam
319 3992 371 4049 too
385 3991 550 4069 antiphona.

100 4172 226 4267 ffi?
460 4133 1246 4256 fldffifficf-flffiffi

755 4273 955 4282 ——-—-—
963 4272 1246 4283 ——---———

144 4319 208 4383 Ex-
211 4320 329 4401 surgat
343 4314 421 4378 De
437 4313 535 4379 asad
555 4311 762 4378 numana·
774 4312 908 4378 mula
924 4319 981 4376 tus
1016 4315 1073 4378 ob·
1077 4334 1129 4376 se·
1116 4334 1202 4396 qm
1204 4335 1259 4377 um

192 4433 326 4500 Ponto
