2940 4996
571 419 769 485 Benedictio
791 418 922 485 Viduo.

508 828 787 896 BENEDIOTIO
808 830 979 898 VIDUAE.
1031 847 1032 850 ’

206 1050 257 1109 Ad
270 1051 389 1111 uiduam
404 1053 420 1091 *⁸
436 1053 651 1114 benedicendam
664 1056 826 1134 puuficeoit
838 1059 996 1117 castitatem
1005 1057 1142 1136 professo.

209 1149 411 1213 Benedictio
425 1152 710 1217 vestimentorum.

208 1251 401 1316 Visibilium
424 1257 458 1317 et
473 1252 690 1318 invisibilium
713 1253 863 1331 (ireator,
879 1254 982 1331 Deus,
1002 1253 1121 1319 adesto
1143 1252 1322 1339 propitius,

164 1361 204 1421 ut
228 1357 297 1421 haee
319 1356 525 1433 indumenta,
549 1357 738 1422 sanctitatis
764 1358 907 1444 effigiem
933 1358 1156 1436 ostendentia,
1179 1358 1325 1442 desuper

161 1459 273 1544 gratia
295 1464 355 1524 tua
374 1460 548 1543 irrigante,
570 1460 805 1541 beneffldicere
828 1466 863 1526 et
890 1461 1138 1540 sanctiffllieare
1161 1459 1323 1546 digneris.

164 1562 229 1626 Per
244 1562 416 1627 Christum
431 1561 609 1627 Dominum
625 1567 789 1636 nostrum.
833 1566 951 1629 Amen.

209 1663 299 1728 Atta
314 1667 439 1728 oratio.

206 1766 320 1851 Aperi,
336 1787 537 1851 quaesumus,
552 1766 704 1844 Domine,
721 1767 836 1834 oculos
851 1774 916 1835 tuae
935 1768 1125 1854 majestatis
1139 1767 1183 1832 ad
1197 1769 1324 1855 beneffl

163 1868 335 1933 dicendam
349 1870 436 1933 hanc
448 1870 622 1935 viduitatis
637 1875 784 1947 vestem;
808 1876 847 1936 ut
862 1893 932 1956 quae
947 1871 1157 1935 inordinatis
1173 1870 1323 1935 vestibus

164 1969 228 2031 viri
244 1969 295 2032 sui
307 1969 425 2032 usibus
439 1969 577 2052 placuit,
590 1969 695 2034 sacris
709 1970 836 2047 induta,
847 1969 1088 2036 benedictionis
1102 1974 1168 2035 tuae
1179 1972 1323 2054 gratiam

164 2077 342 2135 mereatur.
387 2073 453 2135 Per
467 2071 655 2136 Dominum.

205 2173 285 2232 Tunc
298 2181 392 2232 sumat
405 2174 469 2251 ipso
483 2175 609 2232 uolumen
622 2182 648 2233 ct
661 2175 791 2252 imponat
803 2175 895 2253 copiti
907 2195 966 2236 suc.
998 2188 1000 2191 ’

208 2270 408 2334 Benedictio
419 2279 502 2351 post
517 2280 728 2351 assumptum
743 2270 906 2336 uelamen.

208 2371 399 2449 Consolare,
411 2372 563 2448 Domine,
575 2373 662 2437 hauc
675 2372 835 2437 famulam
851 2377 944 2438 tuam
959 2371 1134 2437 viduitatis
1149 2370 1319 2437 laboribus

163 2475 388 2552 constrictam,
400 2475 487 2539 sicut
496 2474 662 2540 consolari
671 2476 830 2561 dignatus
839 2495 876 2540 es
887 2475 1105 2559 Sareptenam
1114 2473 1249 2538 viduam
1261 2492 1320 2557 per

163 2578 273 2642 Elium
285 2577 506 2661 Prophetam3
523 2579 665 2641 concede
676 2578 706 2642 ei
718 2577 883 2662 pudicitiae
893 2577 1048 2652 fructum,
1059 2583 1098 2640 ut
1106 2575 1318 2658 antiquarum

161 2702 227 2744 non
249 2681 438 2744 meminerit
453 2680 681 2763 voluptatum:
705 2681 834 2745 nesciat
848 2681 950 2745 etiam
971 2679 1140 2744 incentiva
1162 2679 1315 2743 vitiorum

159 2784 335 2860 desideria,
358 2790 396 2848 ut
422 2783 485 2848 soli
511 2783 573 2848 tibi
599 2784 720 2849 subdat
746 2783 881 2868 propria
907 2781 1004 2858 colla,
1028 2803 1093 2865 quo
1119 2782 1230 2866 possit
1254 2801 1314 2866 pro

159 2886 330 2952 laboribus
342 2887 456 2963 tantis,
470 2887 679 2972 sexagesimo
690 2887 797 2972 gradu
806 2886 976 2972 percipere
988 2905 1108 2950 munus
1120 2883 1315 2949 delectabile

161 2990 361 3065 sanctitatis,
377 3011 438 3074 per
452 2989 640 3054 Dominum.

160 3094 177 3169 t
199 3093 267 3150 Post
281 3092 336 3148 ltoec
346 3100 436 3168 ponat
447 3091 573 3170 pultium
586 3111 669 3168 super
683 3098 767 3168 caput
781 3093 849 3168 ejus,
866 3091 970 3150 dicens.

159 3285 175 3316 ³*
195 3283 305 3353 Murpin
315 3302 324 3347 ;
345 3282 417 3336 Ordo
429 3283 637 3336 consecrationis
649 3282 747 3338 riduae.

194 3373 263 3426 Ante
279 3372 375 3441 legitur
393 3370 574 3440 Eoongdium,
593 3371 680 3424 veniat
701 3371 782 3424 uidua
803 3382 891 3424 cotom
912 3373 1109 3440 episcopocum
1129 3373 1238 3426 tectibus
1255 3377 1315 3426 onte

157 3460 247 3513 altore.
297 3458 371 3510 Tune
394 3458 461 3510 dicet
483 3458 618 3526 episcopus
641 3461 736 3526 septem
760 3457 881 3510 Psalmos
900 3458 1096 3526 poenitentiales
1120 3474 1181 3513 eum
1205 3460 1313 3514 litorio.

160 3547 234 3600 Tune
245 3546 363 3615 sequitur
375 3545 515 3597 benedictio
527 3545 745 3597 vestimentorum.
1048 3533 1050 3535 ’

158 3635 176 3702 †
194 3633 322 3702 Mennim·
344 3631 419 3685 Tunc
434 3647 505 3699 penu
517 3632 597 3700 juno,
617 3631 730 3700 incipiet
747 3629 884 3700 dymnum,
899 3630 969 3686 Veni
989 3630 1108 3700 Creator,
1127 3636 1226 3702 etpost
1244 3632 1315 3688 Veni

158 3721 268 3775 Creator
273 3717 366 3790 faciut
373 3716 564 3788 prffmsionem
576 3734 660 3770 sctum.

193 3807 249 3860 The
262 3806 330 3858 form
343 3806 374 3858 of
382 3803 528 3875 profession
542 3804 566 3856 is
578 3805 659 3874 given
671 3821 707 3858 on
721 3804 768 3858 the
780 3804 887 3875 margin
900 3804 930 3858 of
939 3804 983 3858 iol.
999 3804 1050 3857 105
1063 3821 1094 3859 as
1105 3804 1212 3861 follows
1223 3827 1266 3860 :-

193 3893 250 3962 Ego
268 3891 302 3946 N.
322 3891 405 3946 vidua
424 3907 480 3944 non
498 3890 654 3960 conjugata,
668 3891 797 3961 promitto
815 3898 843 3944 et
855 3906 938 3945 voveo
957 3891 1012 3946 Deo
1030 3897 1058 3945 et
1076 3892 1164 3947 beata
1175 3892 1274 3949 Marias
1290 3899 1317 3948 et

155 3980 257 4034 sanctis
270 3978 396 4032 omnibus
413 3978 442 4030 in
462 3977 608 4047 praesentia
626 3983 721 4045 vestra,
735 3977 880 4032 reverende
898 3978 928 4030 in
946 3977 1056 4032 Christo
1073 3984 1151 4050 pater
1163 3986 1192 4034 et
1210 3980 1316 4036 domine

155 4067 198 4135 N.,
212 4066 334 4138 episcope
347 4062 390 4131 N.,
404 4065 573 4134 propositum
590 4063 726 4118 castitatis
738 4065 855 4119 vidualis
867 4070 997 4137 perpetuo
1005 4065 1088 4136 juxto
1100 4067 1224 4136 regulam
1244 4069 1314 4125 beati

155 4156 243 4213 Pauli.
280 4153 316 4205 In
330 4152 439 4205 nomine
454 4152 549 4205 Patris.
1057 4167 1060 4170 ⁴
1168 4208 1170 4212 ι

189 4244 292 4299 Deinde
312 4243 419 4309 signum
439 4243 525 4294 craecis
538 4240 629 4311 sociat
650 4245 680 4296 in
694 4241 754 4310 fine
770 4243 951 4314 professionis
975 4249 997 4298 ct
1019 4243 1110 4298 trudot
1131 4247 1267 4315 episcopm
1288 4253 1311 4300 et

152 4335 284 4400 episcopus
297 4329 428 4384 benedicat
434 4330 550 4397 pultium
565 4347 622 4382 cum
638 4331 694 4384 ocio.
