2940 4996
501 397 544 460 Ia
565 398 789 464 ordinatione
806 403 983 482 Episcopi.
1258 401 1323 464 323

167 619 234 661 non
257 599 468 685 dignitatem.
513 603 696 669 Proficiant
723 605 753 668 ei
778 606 916 671 honoris
943 612 1127 693 augmenta
1152 607 1255 672 etiam
1281 608 1324 671 ad

166 700 374 768 incrementa
402 705 610 783 meritorum,
643 714 681 771 ut
710 729 772 791 per
801 710 870 773 haec
902 710 990 773 sicut
1019 708 1107 794 apud
1138 731 1200 773 nos
1233 732 1321 774 nunc

166 804 366 872 adsciscitur
387 808 422 871 in
447 811 682 888 sacerdotium,
699 811 748 877 ita
763 814 853 897 apud
869 819 903 878 te
918 818 1038 897 postea
1053 813 1261 878 adsciscatur
1287 814 1321 877 in

166 929 316 994 regnum.
363 913 428 975 Per
443 912 634 978 Dominum.

205 1011 282 1069 Item
296 1013 359 1070 ulio
377 1017 568 1074 t'oasecratio.

209 1107 303 1172 Deus
332 1111 498 1174 honorum
526 1113 682 1189 omnium,
710 1113 803 1179 Deus
830 1113 979 1178 omnium
1009 1114 1224 1200 dignitatum,
1252 1138 1324 1200 quae

165 1210 281 1295 gloriae
308 1220 373 1277 tuas
402 1215 508 1279 sacris
534 1216 744 1281 famulantur
768 1217 951 1294 ordinibus,
977 1217 1071 1281 Deus
1097 1219 1155 1301 qui
1181 1220 1323 1303 Moysen

163 1316 327 1380 famulum
357 1324 452 1382 tuum
484 1327 619 1383 secretae
650 1321 894 1385 familiaritatis
925 1323 1059 1398 affeetu,
1090 1322 1179 1386 inter
1208 1329 1322 1388 cetera

163 1418 309 1484 coelcstis
336 1422 536 1486 documenta
566 1424 716 1499 culturae,
747 1425 788 1487 de
821 1425 938 1489 habitu
970 1446 1101 1508 quoque
1135 1427 1321 1491 indumenti

166 1523 387 1587 sacerdotalis
403 1525 585 1588 instituens
601 1525 745 1591 electum
760 1530 885 1604 Aaron,
900 1530 1041 1611 mystico
1057 1527 1182 1592 amictu
1204 1529 1323 1593 vestiri

163 1627 253 1689 inter
269 1649 364 1692 sacra
382 1628 528 1710 jussisti,
546 1635 584 1694 ut
598 1629 831 1714 intelligentiae
848 1651 982 1694 sensum
999 1632 1040 1694 de
1057 1631 1218 1716 exemplis
1233 1632 1321 1716 prio·

164 1750 236 1791 rum
253 1737 389 1814 caperet
405 1738 562 1796 secutura
576 1733 770 1817 posteritas,
788 1754 829 1795 ne
846 1733 990 1796 eruditio
1007 1733 1163 1798 doctrinae
1180 1740 1243 1798 tuas
1259 1735 1321 1798 ulli

163 1833 298 1897 deesset
309 1835 408 1910 aetati,
423 1856 497 1898 cum
510 1840 545 1898 et
556 1836 645 1920 apud
658 1842 790 1900 veteres
802 1837 1026 1900 reverentiam
1038 1837 1113 1921 ipsa
1125 1838 1320 1922 significati·

164 1957 264 1998 onum
276 1937 404 2020 species
415 1938 590 2014 obtineret,
601 1944 635 2002 ct
645 1940 733 2023 apud
743 1961 804 2002 nos
813 1940 958 2003 certiora
969 1947 1084 2004 essent
1093 1941 1324 2026 experimenta

163 2060 286 2115 rerum,
303 2062 402 2123 quam
419 2041 598 2124 aenigmata
613 2042 807 2126 figurarum.
853 2041 953 2105 Illius
975 2063 1118 2125 namque
1142 2044 1322 2109 sacerdotii

161 2145 341 2208 anterioris
357 2146 495 2209 habitus
517 2153 639 2209 nostrae
656 2147 779 2210 mentis
803 2152 942 2209 ornatus
959 2151 1022 2220 est,
1038 2150 1073 2208 et
1095 2146 1319 2229 pontificalem

162 2247 306 2331 gloriam
320 2271 386 2313 non
394 2251 466 2332 jam
480 2249 577 2312 nobis
589 2251 696 2313 bonor
708 2249 918 2313 commendat
930 2249 1084 2325 vestium,
1096 2250 1153 2312 sed
1167 2251 1324 2335 splendor

164 2352 373 2428 animarum;
397 2353 476 2436 quia
499 2358 534 2416 et
557 2353 618 2415 illa
643 2375 714 2436 quae
741 2358 821 2416 tunc
848 2351 1040 2415 carnalibus
1063 2352 1324 2420 blandiebantur

164 2455 349 2530 obtutibus,
363 2476 403 2518 ea
418 2456 531 2538 potius
547 2476 618 2537 quae
635 2455 669 2518 in
682 2457 766 2541 ipsis
782 2460 878 2518 erant
893 2454 1117 2539 intelligenda
1130 2459 1324 2540 poscebant.

164 2558 209 2622 Et
224 2559 349 2622 idcirco
372 2559 449 2621 huic
473 2558 599 2621 famulo
616 2565 674 2622 tuo
691 2581 790 2641 quem
806 2558 847 2621 ad
869 2559 989 2621 summi
1012 2560 1192 2624 sacerdotii
1208 2562 1324 2627 minis-

161 2664 283 2725 terium
307 2663 452 2747 elegisti,
475 2665 571 2738 hanc,
596 2685 793 2746 quaesumus,
811 2663 963 2738 Domine,
986 2664 1131 2747 gratiam
1151 2664 1321 2752 largiaris,

163 2773 199 2830 ut
216 2767 373 2850 quicquid
389 2767 449 2830 illa
460 2767 629 2830 velamina
644 2769 678 2829 in
691 2767 823 2851 fulgore
836 2768 921 2842 auri,
934 2768 967 2829 in
984 2768 1094 2831 nitore
1105 2790 1322 2854 gemmarum,

163 2871 197 2932 in
212 2869 400 2940 multimodi
418 2870 529 2954 operis
553 2870 717 2934 varietate
740 2870 932 2954 signabant,
948 2871 1010 2934 hoc
1026 2872 1059 2933 in
1083 2872 1158 2954 ejus
1174 2874 1323 2939 moribus

163 2975 360 3056 actibusque
388 2972 571 3036 clarescat:
596 2973 725 3057 comple
749 2973 783 3034 in
808 2973 983 3037 sacerdote
1011 2979 1070 3038 tuo
1092 2977 1244 3059 mysterii
1272 2978 1323 3042 tui

161 3098 336 3151 summam,
372 3080 407 3139 et
444 3075 650 3138 ornamentis
685 3075 790 3138 totius
827 3075 1085 3159 glorificationis
1119 3078 1320 3145 instructum

156 3179 303 3243 coelestis
319 3178 484 3263 unguenti
500 3179 581 3241 flore
599 3178 783 3241 sanctifica.
829 3178 917 3253 Hoc,
935 3179 953 3217 ³¹*
971 3177 1122 3254 Domine,
1136 3181 1268 3264 copiose
1284 3183 1320 3247 in

161 3284 236 3366 ejus
259 3288 360 3366 caput
386 3282 517 3356 influat,
538 3282 601 3345 hoc
625 3282 658 3343 in
683 3281 751 3344 oris
776 3281 930 3364 subjecta
951 3282 1110 3346 decurrat
1130 3283 1180 3363 ᾖ,
1201 3285 1265 3349 hoc
1286 3286 1322 3351 in

161 3388 268 3454 totius
291 3386 442 3470 corporis
467 3392 618 3449 extrema
640 3385 891 3460 descendatur
913 3385 963 3448 tui
988 3386 1133 3469 Spiritus
1157 3389 1266 3454 virtus
1288 3398 1324 3456 et

161 3492 326 3555 interiora
348 3490 422 3572 ejus
444 3489 587 3572 repleat,
604 3494 639 3552 et
661 3488 833 3551 exteriora
855 3489 1097 3574 circumtegat:
1120 3492 1269 3559 abundet
1290 3495 1325 3558 in

161 3617 199 3659 eo
223 3594 415 3658 constantia
437 3593 525 3668 fidei,
542 3593 673 3677 puritas
697 3592 901 3669 dilectionis,
919 3593 1096 3657 sinceritas
1118 3596 1231 3680 pacis:
1254 3599 1323 3664 sint

161 3698 306 3784 speciosi
322 3719 460 3760 munere
477 3703 535 3760 tuo
552 3697 654 3780 pedes
672 3697 746 3778 ejus
763 3694 804 3759 ad
821 3695 1116 3780 evangelizandam
1133 3719 1260 3781 pacem,
1277 3703 1319 3766 ad

160 3800 463 3886 evangelizandum
501 3800 589 3862 bona
626 3804 696 3862 tua.
741 3797 795 3862 Da
832 3798 873 3872 ei,
908 3797 1060 3875 Domine,
1097 3801 1321 3868 ministerium

161 3903 446 3969 reconciliationis
477 3903 511 3964 in
543 3902 656 3964 verbis
688 3908 722 3964 et
752 3901 852 3964 factis
880 3909 913 3964 et
945 3902 1128 3967 virtutibus
1155 3912 1191 3969 et
1217 3906 1324 3992 signis

160 4017 196 4072 et
223 4007 398 4091 prodigiis.
445 4005 497 4068 Sit
528 4025 637 4067 sermo
666 4005 740 4085 ejus
770 4003 962 4087 pradicatio
993 4026 1060 4068 non
1088 4007 1121 4070 in
1153 4012 1322 4092 persuasi·

160 4112 288 4177 bilibus
312 4111 463 4171 humanae
488 4105 659 4189 sapientiae
685 4105 808 4180 verbis,
827 4105 883 4168 sed
908 4107 942 4168 in
966 4109 1158 4172 ostensione
1181 4111 1323 4195 spiritus

158 4223 194 4281 et
221 4212 371 4278 virtutis.
416 4211 469 4275 Da
496 4210 537 4286 ei,
566 4209 718 4285 Domine,
747 4209 860 4272 claves
886 4210 981 4294 regni
1010 4211 1177 4289 coelorum,
1205 4220 1321 4280 utatur

155 4371 171 4401 *
190 4369 225 4420 In
241 4366 372 4499 parginc.
411 4364 466 4416 Hic
474 4363 632 4432 ponendam
645 4362 731 4415 oleum
744 4378 825 4429 super
836 4365 928 4430 caput.

270 4446 289 4498 ll
