2940 4996
538 419 757 484 Consecratio
774 421 952 504 Episcopi.
1256 423 1321 490 227

157 628 308 706 culturae,
333 629 373 692 de
396 627 514 692 habitu
534 647 666 710 quoque
689 627 875 692 indumenti
899 627 1118 692 sacerdotalis
1138 628 1321 694 instituens

157 733 302 797 electum
324 731 437 795 Aaron
452 730 593 814 mystico
616 731 740 794 amictu
756 730 873 794 vestiri
894 731 983 794 inter
1006 752 1101 795 sacra
1120 731 1265 814 jussisti,
1283 738 1321 797 ut

155 835 387 919 intelligentiae
412 854 546 899 sensum
569 832 609 895 de
635 832 798 915 exemplis
824 833 973 916 priorum
1001 839 1136 918 caperet
1164 838 1320 899 secutura

156 939 349 1022 posteritas,
366 957 407 998 ne
424 934 567 997 eruditio
583 934 741 997 doetrinae
758 939 822 996 tuae
834 934 895 997 ulli
912 934 1045 999 deesset
1059 935 1171 1010 aetati3
1196 956 1269 999 eum
1285 942 1322 999 et

155 1041 243 1124 apud
254 1038 617 1103 veteresreverentiam
628 1037 701 1120 ipsa
712 1036 992 1121 significationum
1003 1038 1319 1123 speciesobtineret,

158 1150 193 1207 et
207 1143 295 1226 apud
316 1163 377 1204 nos
401 1140 546 1203 certiora
568 1144 683 1202 essent
706 1139 937 1223 experimenta
958 1160 1079 1215 rerum,
1097 1161 1196 1222 quam
1220 1141 1320 1226 aenig-

158 1253 250 1308 mata
265 1244 457 1328 figurarum.
504 1241 601 1304 Illius
618 1262 760 1324 namque
777 1241 955 1305 sacerdotii
978 1242 1157 1306 anterioris
1173 1243 1320 1319 habitus,

158 1353 280 1410 nostrae
303 1347 424 1409 mentis
448 1350 587 1407 ornatus
611 1350 674 1418 est,
691 1348 725 1406 et
748 1342 973 1425 pontificalem
996 1344 1139 1428 gloriam
1161 1365 1228 1408 non
1247 1344 1319 1427 jam

161 1450 256 1512 nobis
287 1449 392 1511 honor
418 1445 628 1510 commendat
654 1445 808 1521 vestium,
834 1445 892 1508 sed
924 1446 1083 1529 splendor
1112 1448 1320 1523 animarum

161 1551 241 1634 quia
256 1555 291 1614 et
305 1549 376 1624 illa,
393 1571 464 1632 quaa
485 1555 564 1612 tunc
587 1547 777 1612 carnalibus
800 1548 1059 1612 blandiebantur
1081 1551 1264 1627 obtutibus,
1281 1571 1322 1615 ea

159 1654 272 1735 potius
289 1673 359 1734 quaa
382 1652 416 1714 in
432 1651 516 1734 ipsis
539 1655 636 1713 erant
658 1649 879 1734 intelligenda
893 1653 1087 1734 poscebant.
1131 1652 1177 1717 Et
1199 1653 1320 1717 idcireo

159 1756 236 1818 huic
265 1754 391 1818 famulo
421 1760 490 1828 tuo,
521 1774 618 1836 quem
651 1753 693 1816 ad
728 1754 848 1816 summi
883 1755 1061 1819 sacerdotii
1094 1756 1317 1822 ministerium

161 1857 305 1941 elegisti,
344 1858 441 1931 hanc,
481 1877 680 1939 quaesumuS,
715 1855 865 1932 Domine,
898 1857 1043 1942 gratiam
1080 1858 1247 1944 largiaris,
1282 1864 1321 1924 ut

160 1961 317 2045 quicquid
332 1961 392 2023 illa
404 1959 570 2022 velamina
584 1959 618 2020 in
634 1959 765 2044 fulgore
782 1960 865 2036 auri,
879 1960 913 2022 in
929 1961 1036 2023 nitore
1051 1982 1269 2046 gemmarum,
1283 1967 1318 2027 et

159 2065 193 2126 in
224 2063 410 2128 multimodi
429 2063 552 2146 operis
587 2062 751 2125 varietate
787 2062 976 2146 signabant,
1008 2065 1071 2128 hoc
1105 2065 1138 2127 in
1172 2065 1320 2128 moribus

160 2168 358 2249 actibusque
392 2164 566 2228 clarescat.
627 2163 775 2246 Comple,
806 2164 955 2242 Domine,
986 2165 1020 2227 in
1055 2165 1227 2229 sacerdote
1260 2172 1320 2230 tuo

162 2269 339 2332 ministerii
366 2267 416 2331 tui
443 2287 605 2329 summam
636 2269 672 2328 et
696 2267 902 2328 ornamentis
931 2267 1038 2329 totius
1064 2266 1320 2352 glorificationis

160 2372 355 2436 instinctum
372 2369 516 2433 coelestis
532 2367 695 2451 unguenti
711 2389 786 2430 rore
804 2369 983 2432 sanctifica.

199 2474 260 2530 Hic
275 2474 369 2530 mittat
383 2472 505 2530 chrisma
519 2472 552 2527 la
565 2478 651 2546 capet
664 2471 722 2545 ojus
736 2471 770 2527 ia
783 2471 898 2527 moelem
912 2471 1003 2529 crucis
1018 2472 1123 2543 leniter,
1138 2472 1240 2530 dicens.

204 2571 343 2654 Unguat
329 2575 384 2632 tur
408 2574 443 2632 et
465 2570 679 2631 consecretur
700 2571 801 2650 caput
822 2574 916 2629 tuum
939 2566 1062 2631 coeles
1039 2572 1065 2631 1
1087 2567 1317 2632 benedictione

159 2674 195 2737 in
218 2673 332 2736 ordine
354 2668 546 2755 pontificali,
572 2668 611 2731 In
637 2670 769 2731 nomine
795 2667 835 2746 ᾖ
863 2669 953 2733 Pat
911 2672 974 2733 tr1s
997 2675 1031 2734 et
1054 2670 1095 2749 ›1‹
1117 2670 1197 2734 Filii
1219 2676 1254 2736 et
1277 2677 1318 2756 ›1‹

163 2777 308 2861 Spiritus
327 2776 452 2839 Sancti
497 2775 615 2836 Amen.

205 2883 277 2944 Pax
291 2886 410 2943 tecum

205 2983 252 3047 Et
268 3003 341 3045 cum
359 2981 479 3064 spiritu
494 2987 563 3045 tuo.

201 3086 281 3142 Tenc
295 3104 387 3140 omnes
400 3084 525 3160 episcopi
544 3090 673 3158 capuerat
687 3092 773 3159 capet
786 3081 846 3156 ejas
860 3080 991 3138 manibus
1004 3082 1087 3154 seis,·
1108 3091 1133 3140 et
1147 3091 1213 3140 tanc
1226 3091 1317 3141 cantet

163 3181 252 3238 clerus
265 3180 338 3236 boae
352 3177 549 3254 antiphonam.

206 3276 423 3360 Unguentum
445 3275 479 3336 in
503 3274 612 3358 capite
635 3273 722 3357 quod
748 3273 921 3338 descendit
946 3272 981 3336 in
1007 3273 1156 3351 barbam,
1179 3275 1316 3339 barbam

162 3381 285 3452 Aaron,
309 3377 396 3459 quod
422 3377 594 3440 deseendit
620 3375 767 3438 ineram
795 3375 986 3439 vestimenti
1013 3376 1097 3458 ejus.
1142 3377 1318 3442 Mandavit

162 3481 323 3545 Dominus
340 3480 603 3543 benedictionem
620 3479 654 3541 in
671 3478 836 3541 saeculum.

204 3585 268 3646 Pa.
313 3582 511 3665 Eecequam
529 3583 649 3644 bonum
666 3580 1318 3663 etquamjucundumhabitarefratres
1411 3599 1446 3649 ,’

163 3709 195 3750 m
210 3707 324 3749 unum.

200 3790 269 3845 Post
289 3806 513 3862 eriemqucmqae
533 3806 643 3842 versem
664 3783 780 3842 Psalmi
800 3791 906 3861 repetat
926 3785 1112 3843 communiter
1131 3786 1219 3845 clerus
1240 3789 1317 3846 aali-

160 3884 305 3960 phocam
326 3882 557 3958 metropolitanas
572 3882 651 3938 dicat
665 3882 739 3957 quod
753 3881 879 3956 sequitur
892 3881 973 3937 moolo
985 3880 1174 3957 praefationis.

204 3979 290 4055 Hoc,
313 3979 465 4053 Domine,
490 3978 622 4061 copiose
650 3978 684 4040 in
711 3977 783 4060 ejus
810 3983 912 4060 caput
938 3977 1072 4055 influat3
1097 3979 1160 4043 hoc
1186 3979 1221 4043 in
1248 3980 1317 4045 oris

164 4083 234 4166 ejus
259 4081 412 4163 subjecta
433 4081 608 4157 decurrat;
631 4081 694 4144 hoc
720 4081 756 4142 in
779 4079 884 4143 totius
912 4081 1060 4166 corporis
1084 4087 1235 4147 extrema
1260 4083 1318 4146 da·
1365 4162 1368 4167 ι

163 4186 308 4260 scandat,
331 4191 369 4248 ut
396 4184 446 4249 tui
470 4184 615 4268 Spiritus
643 4184 751 4249 virtus
778 4187 811 4247 et
834 4183 998 4248 interiora
1023 4184 1098 4267 ejus
1124 4185 1255 4268 repleat
1281 4190 1316 4250 et

248 4290 310 4351 28*
