2940 4996
517 415 737 478 Consecratio
760 413 948 496 Virpinum.

429 820 754 956 [consnonnrio
779 871 1038 956 cincinno]

158 1119 304 1162 ...rem
336 1097 469 1162 Christo
500 1097 644 1163 Domino
675 1103 790 1160 nostro
821 1095 991 1180 percipere
1023 1098 1204 1157 mereatur.
1250 1091 1315 1154 Per

157 1202 307 1266 eundem.
332 1200 383 1281 [ut
398 1222 506 1282 supra
515 1223 554 1282 p.
573 1199 661 1284 154]

199 1306 301 1381 DeuS,
319 1311 517 1368 aeternorum
533 1307 693 1368 bonorum
710 1301 902 1365 fidelissime
927 1299 1121 1385 promissor,
1136 1295 1181 1377 [et
1204 1304 1317 1361 cetera

155 1419 194 1472 ut
211 1429 331 1490 supra,
342 1430 381 1489 p.
398 1408 487 1494 154]

203 1513 337 1577 Oratio.
383 1511 524 1575 Domine
539 1510 643 1586 Deus,
660 1511 821 1573 bonarum
838 1508 1001 1572 virtutum
1018 1506 1128 1581 dator,
1143 1503 1189 1584 [et
1205 1512 1317 1568 cetera

160 1625 198 1680 ut
213 1636 334 1696 supra,
343 1637 383 1696 p.
401 1615 489 1700 154.]

172 1756 175 1761 ·
198 1719 279 1777 Tune
292 1738 369 1795 aqua
383 1718 500 1795 desuper
514 1737 638 1795 aspersa,
655 1716 700 1774 olet
714 1717 742 1774 ei
755 1716 899 1793 episcopus
920 1713 1101 1791 cirpinitatis
1115 1712 1318 1779 uestimentum,

158 1821 183 1871 et
196 1820 308 1871 tanturn
321 1813 507 1871 uelamentum
520 1811 599 1889 apud
612 1833 639 1869 se
644 1811 742 1887 faciat
755 1811 880 1880 retineri,
896 1809 999 1879 dicens,

201 1908 334 1991 Accipe,
351 1906 476 1993 puelle,
492 1905 644 1991 pallium,
660 1904 705 1986 [et
721 1914 844 1981 cetera,
859 1914 899 1967 ut
913 1925 1023 1985 supra
1032 1924 1071 1983 p.
1091 1901 1178 1987 153]

202 2011 282 2070 Tunc
302 2013 366 2088 ipsa
388 2011 468 2087 uirpo
488 2010 575 2068 cadat
596 2009 635 2066 ad
658 2008 829 2079 sacrarium,
852 2016 876 2065 et
897 2007 1001 2064 induat
1025 2028 1053 2064 se
1073 2007 1135 2082 ipso
1158 2005 1318 2062 uestimento

63 2132 64 2138 ¹
162 2106 302 2164 benedicto
312 2127 323 2176 ;
343 2105 540 2182 accipiensque
560 2123 651 2161 unum
670 2123 777 2160 cereum
797 2104 830 2160 in
850 2121 952 2158 manus
966 2121 1032 2157 suas
1054 2101 1208 2167 ardentem,
1224 2098 1320 2155 ueniat

161 2200 194 2258 in
207 2200 332 2271 cicorum,
349 2207 476 2289 cantans,
493 2201 568 2256 Amo
581 2197 742 2267 Christum,
759 2193 798 2275 [et
812 2203 910 2264 cetera,
927 2203 959 2252 ut
972 2215 1059 2271 supra
1070 2215 1103 2271 p.
1121 2190 1203 2272 155]

211 2296 250 2358 V.
297 2295 367 2360 Mel
385 2294 418 2359 et
434 2295 496 2371 lac,
513 2293 558 2374 [et
574 2302 697 2369 cetera,
713 2301 752 2355 ut
767 2312 876 2372 supra
885 2312 925 2371 p.
944 2290 1030 2375 156.]

206 2397 288 2456 Tunc
302 2398 412 2474 tepatur
425 2398 543 2475 epistota
564 2404 589 2454 et
603 2395 800 2472 euanpeiiuni:
821 2401 846 2452 et
862 2402 926 2472 post
940 2393 1125 2471 euanpetiunc‚
1140 2399 1165 2450 et
1185 2391 1281 2451 Credo
1296 2398 1320 2447 et

165 2493 356 2570 Offertoriurn,
372 2493 450 2552 dicat
465 2494 618 2571 episcopus.

162 2675 437 2818 Ξ

206 2847 308 2910 Veni
331 2883 344 2894 ·
361 2852 405 2920 te,

163 2973 188 3023 et
201 2965 298 3024 clerici
307 2971 473 3042 percantent
487 2965 684 3043 antiphonam,

206 3060 340 3136 Venite,
364 3059 487 3136 venite,
513 3060 636 3136 venite,
662 3060 748 3138 filiae,
771 3059 883 3124 audite
909 3081 981 3136 me;
1005 3060 1158 3125 timorem
1185 3062 1318 3127 Domini

163 3163 286 3227 docebo
303 3183 374 3227 vos.

208 3264 365 3330 Accedite
392 3263 436 3328 sd
462 3285 547 3341 eum,
573 3271 608 3330 et
638 3264 884 3342 illuminamini,
909 3271 944 3330 et
973 3265 1077 3330 facies
1104 3277 1223 3332 vcstrae
1254 3291 1320 3332 non

164 3369 418 3432 confundentur.

208 3469 290 3528 tunc
314 3471 410 3528 seruiat
429 3471 509 3546 virpo
530 3478 594 3528 ante
614 3471 714 3542 ettae,
738 3479 865 3543 cantans,
887 3471 927 3530 Et
947 3491 1022 3531 nunc
1047 3473 1194 3551 sequimur
1218 3484 1258 3546 te,
1281 3473 1320 3556 [et

164 3574 263 3636 cetera,
280 3573 311 3623 ut
324 3586 413 3643 supra
423 3587 455 3644 p.
472 3563 555 3645 lec]

203 3659 266 3730 Quo
273 3660 372 3737 finito,
384 3668 548 3737 prosternat
561 3680 588 3717 se
603 3660 748 3738 episcopus
761 3681 845 3737 super
859 3668 984 3738 tapetum
998 3670 1064 3721 ante
1077 3662 1177 3735 altare,
1194 3673 1219 3723 et
1239 3665 1319 3744 uirpo

165 3763 240 3812 retro
260 3756 421 3844 episcopum
432 3776 444 3826 ;
464 3762 490 3812 et
510 3762 638 3812 cantetur
658 3756 775 3812 interim
797 3756 903 3814 titania
924 3777 941 3814 a
962 3758 1068 3815 duobus
1089 3759 1199 3818 clericis
1210 3760 1322 3838 festive,

167 3852 248 3908 choro
263 3851 464 3928 respondente;
485 3858 510 3908 et
524 3851 599 3908 inter
612 3859 701 3908 cetera
715 3852 831 3910 dicatur
845 3854 1020 3932 abepiscopo
1035 3862 1085 3927 ter,

210 3946 261 4009 Ut
277 3966 409 4010 sorores
421 3946 507 4010 istas
518 3945 753 4025 beneffldicere
767 3953 802 4012 et
816 3947 850 4010 in
863 3969 942 4013 vera
953 3948 1115 4032 religione
1128 3971 1324 4019 conservare

168 4049 329 4134 digneris,
345 4049 391 4111 Te
407 4068 575 4132 rogamur.
629 4091 632 4096 -

206 4149 369 4227 Episcopus
395 4170 459 4208 uero
486 4158 511 4207 et
537 4148 669 4208 ministri
696 4151 800 4209 altaris
826 4160 939 4212 cantent
965 4153 1082 4212 interim
1109 4155 1161 4216 cii.
1190 4157 1321 4218 Psatnos

169 4244 392 4303 Poenitentiates.

207 4338 276 4399 Post
290 4339 426 4397 litaniam
440 4346 537 4415 surpat
552 4339 706 4417 episcopus,
722 4347 747 4398 et
760 4340 885 4420 incipiat
891 4342 1003 4420 festiue,
1021 4345 1098 4406 Veni
1111 4347 1242 4408 Creator.
