2940 4996
159 439 222 501 342
531 438 730 502 Benedictio
753 437 943 520 Virpinunt.

200 613 284 673 Ant.
331 611 412 674 Haec
447 617 501 673 est
533 611 708 694 generatio
746 609 965 692 quaerentium
1004 604 1196 679 Dominum,
1231 623 1315 685 quae-

158 713 303 776 rentium
319 713 437 776 faeiem
454 712 517 776 Dei
533 713 651 776 Jacob.

200 817 258 877 Po.
305 814 439 877 Domini
456 821 509 879 est
524 821 627 878 terra.
672 825 704 878 ot
721 813 848 878 Gloria.

202 920 332 982 Oratio.
378 918 515 993 Praesta,
541 918 752 1002 omnipotens
778 917 879 991 Deus,
907 915 986 978 huic
1010 910 1138 977 famulo
1164 915 1224 974 tuo
1252 909 1314 986 tlt,

157 1020 253 1103 cujus
268 1020 368 1083 hodie
392 1021 513 1102 capitis
537 1042 665 1084 comam
688 1041 748 1105 pro
772 1021 884 1083 divino
900 1039 1013 1084 amore
1036 1015 1265 1100 deposuimus,
1280 1018 1317 1076 ut

157 1125 191 1186 in
218 1128 278 1187 tua
305 1121 484 1186 dilectione
512 1127 674 1207 perpetuo
701 1128 846 1199 maneat,
871 1128 1004 1186 etcum
1028 1119 1099 1183 sine
1127 1115 1261 1181 macula
1283 1116 1316 1178 iu

158 1225 398 1310 sempiternum
415 1226 596 1288 custodias.
642 1225 718 1288 Per.

287 1462 453 1527 ORATIO
475 1462 538 1526 AD
560 1462 873 1529 DIAOONISSAM
895 1457 1183 1528 FACIENDAM.

199 1650 341 1727 Exaudi,
364 1650 516 1728 Domine,
543 1675 660 1737 preces
687 1658 835 1729 nostras,
858 1658 893 1718 et
918 1673 1018 1736 super
1043 1651 1131 1713 hanc
1155 1645 1315 1711 famulam

156 1756 250 1816 tuam
265 1753 318 1817 ill.
336 1754 490 1837 spiritum
507 1763 570 1820 tuae
586 1759 829 1822 benedictionis
845 1758 970 1830 emitte,
984 1759 1023 1818 ut
1036 1750 1164 1816 coelesti
1179 1768 1315 1812 munere

155 1855 272 1930 ditata,
297 1861 331 1919 et
358 1863 421 1920 tuae
448 1860 593 1940 gratiam
620 1861 728 1943 possit
752 1860 942 1943 majestatis
969 1857 1142 1940 acquirere
1170 1857 1206 1917 et
1231 1852 1313 1916 bene

155 1959 289 2022 vivendi
306 1959 383 2023 aliis
400 1963 588 2045 exemplum
605 1964 761 2047 praebere.
806 1965 882 2027 Per.

211 2162 486 2230 BENEDICTIO
508 2167 717 2232 VESTIUM
739 2167 900 2231 VIDUAE
922 2164 1014 2229 VEL
1036 2161 1260 2227 VIRGINIS.

202 2350 304 2426 Deus,
332 2353 388 2434 qui
419 2355 658 2419 vestimentum
682 2356 831 2422 salutare
862 2361 897 2420 et
926 2354 1157 2419 indumentum
1185 2351 1312 2412 aeterne

152 2455 373 2536 jocunditatis
396 2458 465 2521 tuis
487 2459 642 2523 fidelibus
665 2461 866 2546 promisisti-3
891 2458 1101 2523 clementiam
1124 2459 1218 2517 tuam
1238 2471 1311 2535 sup·

156 2557 288 2641 pliciter
311 2578 497 2636 exoramus,
521 2568 560 2625 ut
581 2564 650 2625 haec
672 2563 876 2638 indumenta,
901 2560 1125 2624 humilitatem
1148 2554 1259 2618 cordis
1282 2558 1313 2616 et

156 2664 383 2742 contemptum
401 2664 514 2725 mundi
532 2665 764 2748 significantia,
779 2666 899 2748 quibus
914 2661 1041 2726 famula
1055 2665 1116 2723 tua
1130 2658 1184 2720 iii.
1199 2660 1311 2720 sancto

156 2762 335 2825 visibiliter
358 2769 411 2827 est
436 2765 647 2831 informanda
673 2769 856 2852 proposito,
879 2767 1045 2852 propitius
1068 2761 1257 2834 benedicas,
1280 2764 1313 2822 et

156 2866 261 2928 beatae
289 2865 457 2928 castitatis
483 2869 644 2945 hobitum,
668 2892 766 2953 quem
792 2878 825 2934 te
848 2871 1035 2955 inspirante
1060 2863 1310 2948 susceperitis

156 2973 354 3052 protegente
370 2971 548 3035 custodiat.
593 2973 667 3036 Per.

200 3070 303 3146 Deus,
327 3071 489 3134 bonarum
511 3075 672 3138 virtutum
696 3076 793 3140 dator
819 3081 853 3141 et
874 3074 1021 3138 omnium
1044 3068 1310 3135 benedictionum

156 3177 272 3260 largus
294 3176 434 3252 infusor,
451 3180 571 3242 exaudi
594 3202 711 3264 preces
734 3188 878 3257 nostras,
895 3185 930 3244 et
944 3181 1031 3242 hanc
1053 3178 1195 3250 vestem,
1212 3191 1309 3256 quam

154 3279 283 3342 famula
297 3285 364 3362 ,tua
387 3281 439 3343 iil.
463 3301 523 3364 pro
547 3277 775 3348 conservando
798 3283 966 3348 eastitatis
988 3281 1085 3364 signo
1108 3298 1145 3341 se
1161 3273 1308 3361 adoperi-

154 3383 271 3444 endam
289 3383 449 3465 exposcit,
467 3386 661 3449 benedicere
678 3392 713 3451 et
728 3388 937 3452 sanctificare
953 3382 1113 3469 digneris.
1158 3380 1234 3443 Per.

184 3634 460 3741 BENEDIOTIO
483 3639 693 3706 VIRGINIS
716 3644 775 3707 AB
797 3638 1012 3706 EPISOOPO
1034 3632 1279 3701 FACIENDA.

198 3824 350 3908 Respice,
367 3826 518 3905 Domine,
535 3831 698 3915 propitius
720 3853 821 3916 super
841 3832 928 3894 hane
949 3824 1109 3892 famulam
1131 3828 1226 3887 tuam
1247 3819 1309 3895 itt,

153 3934 191 3992 ut
208 3934 329 3992 sanctae
346 3931 550 4015 virginitatis
566 3935 783 4019 propositum,
797 3936 884 4019 quod
899 3938 933 3996 te
949 3930 1135 4014 inspirante
1152 3923 1307 4009 suscepit,

155 4038 189 4095 te
204 4031 412 4114 gubernante
429 4037 608 4101 custodiat.
653 4038 728 4101 Per.

196 4131 319 4200 Qicondo
332 4155 444 4193 socrum
460 4139 586 4196 volumen
601 4141 716 4216 accipit,
731 4139 883 4198 dicendum
897 4145 945 4196 esi.

199 4226 331 4309 Accipe,
348 4230 471 4313 puella,
489 4239 640 4297 sanctum
657 4235 805 4320 pallium,
823 4233 910 4318 quod
926 4231 1077 4318 perferas
1092 4226 1165 4291 sine
1181 4224 1310 4289 macula

157 4331 233 4390 unte
250 4331 395 4396 tribunal
412 4334 544 4400 Domini
560 4338 668 4402 nostri
682 4338 703 4402 J
706 4359 765 4402 esu
781 4338 918 4403 Christi.
964 4334 1007 4397 Ii.
1052 4333 1171 4394 Amen.
