2940 4996
443 414 486 478 In
501 414 727 478 Dedicatione
744 415 912 480 Basilica
928 436 1037 480 novae.
1259 411 1324 477 329.

159 623 194 682 et
216 618 392 683 ecclesiam
414 620 642 705 congregavit,
659 641 760 704 quam
783 619 871 704 lapis
894 621 1027 685 excisus
1043 622 1084 685 de
1109 625 1224 685 monte
1248 621 1322 683 sine

162 719 316 784 manibus
341 720 495 806 angulari
520 743 680 807 compage
709 722 877 799 solidavit,
901 724 988 788 hanc
1012 745 1145 808 quoque
1172 722 1322 787 tabulam

163 842 301 886 serenus
317 823 477 901 illustret,
489 845 628 908 eamque
645 825 774 909 impetu
790 825 906 889 aeterni
916 826 1063 890 fluminis
1079 826 1257 911 irrigatam
1274 825 1322 889 ita

161 924 305 989 diversis
320 947 381 1010 per
396 927 544 991 membra
562 928 823 992 charismatibus
845 927 1037 1012 locupletet,
1053 933 1095 993 ut
1111 949 1213 1013 super
1227 929 1321 993 illam

161 1029 392 1093 admirandam
408 1029 486 1093 Filii
502 1031 553 1094 sui
577 1032 723 1096 hostiam
738 1031 811 1116 ipse
826 1032 1004 1096 benedicat
1025 1031 1231 1117 impositam,
1246 1031 1319 1116 ipse

160 1132 324 1217 suscipiat
338 1139 582 1198 consecratam.
628 1134 703 1198 Per.

203 1234 384 1293 Consecratio
392 1244 515 1314 pateaoe.

203 1330 446 1397 Consecramus
473 1339 507 1397 ct
534 1334 783 1398 sanctificamus
809 1334 895 1398 hanc
922 1339 1092 1420 patenam,
1116 1335 1159 1399 ad
1185 1334 1316 1398 confici·

159 1434 281 1498 endum
311 1436 345 1498 in
373 1459 413 1501 ea
440 1457 561 1520 corpus
592 1438 728 1502 Domini
755 1439 863 1503 nostri
890 1438 974 1503 Jesu
1001 1439 1128 1504 Christi
1155 1437 1317 1523 patientis

157 1558 289 1601 crucem
316 1559 377 1622 pro
405 1539 514 1603 salute
542 1546 660 1606 nostra
686 1541 844 1617 omnium,
872 1541 930 1625 qui
958 1542 1045 1606 vivis
1073 1548 1107 1607 et
1132 1562 1255 1627 regnas
1281 1541 1316 1603 in

161 1643 282 1707 saecula
299 1644 502 1708 seculorum.

202 1746 285 1804 Alia.

204 1842 407 1907 Consecrare
424 1848 458 1908 et
474 1843 683 1907 sanctificare
698 1843 860 1928 digneris,
873 1844 1027 1921 Domine,
1044 1850 1201 1929 patenam
1217 1846 1315 1922 hanc,

160 1968 221 2031 per
243 1940 346 2011 istam
368 1947 562 2011 unctionem
586 1950 620 2010 et
646 1951 797 2010 nostram
820 1947 1100 2024 benedictionem,
1122 1950 1155 2011 in
1180 1946 1315 2012 Christo

159 2050 241 2114 Jesu
264 2050 409 2114 Domino
432 2055 560 2125 nostro,
584 2049 642 2132 qui
665 2050 749 2114 vivit
773 2060 808 2113 et
830 2053 952 2134 regnat
978 2071 1039 2134 per
1061 2051 1173 2115 omnia
1195 2051 1317 2114 saecula

163 2154 368 2217 saeculorum.

202 2257 384 2316 Consecratio
398 2256 507 2314 calicia.

219 2352 372 2428 Oramus,
403 2351 615 2417 dilectissimi
645 2353 782 2428 fratres,
812 2356 852 2415 ut
881 2350 1048 2415 Dominus
1078 2349 1171 2414 Deus
1201 2354 1318 2422 noster

160 2455 298 2520 calicem
327 2477 424 2519 suum
451 2455 487 2518 iu
517 2455 708 2519 ministerio
734 2454 996 2518 consecrandum
1028 2453 1174 2518 coelestis
1200 2457 1318 2539 gratiae

158 2561 380 2646 inspiratione
397 2559 598 2635 sanctificet,
613 2563 653 2623 ut
668 2560 710 2623 ad
733 2559 914 2624 humanam
931 2557 1196 2623 benedictionem
1214 2559 1319 2643 pleni·

158 2663 309 2727 tudinem
325 2662 430 2727 divini
446 2662 573 2727 favoris
589 2662 828 2727 accommodet.
873 2662 948 2725 Per.

202 2770 288 2826 Alia.

201 2863 363 2947 Dignare‚
380 2861 532 2938 Domine,
549 2861 687 2925 calicem
708 2861 812 2925 istum
827 2861 862 2924 in
878 2882 975 2925 usum
991 2862 1170 2925 ministerii
1192 2862 1244 2926 tui
1260 2862 1317 2946 pia

160 2967 276 3034 famuli
293 2969 343 3031 tui
359 2966 537 3030 devotione
552 2965 736 3029 formatum
760 2986 800 3028 ea
824 2965 1089 3029 sanctificatione
1105 2967 1316 3049 perfundere,

159 3093 226 3154 qua
242 3067 494 3136 Melchisedech
517 3067 635 3131 famuli
658 3068 708 3132 tui
730 3073 941 3130 sacramento
964 3066 1102 3131 calicem
1125 3068 1315 3151 perfudisti,

159 3181 193 3239 et
224 3174 314 3258 quod
344 3177 418 3237 arte
445 3171 498 3234 vel
529 3170 670 3235 metallo
702 3171 786 3233 effici
812 3191 878 3233 non
909 3173 1024 3254 potest
1053 3168 1220 3234 altaribus
1246 3172 1316 3234 tuis

158 3280 309 3363 dignum,
325 3276 386 3339 fiat
401 3274 443 3338 ad
459 3273 570 3337 omnia
586 3278 647 3337 tua
662 3272 895 3338 benedictione
911 3271 1108 3357 pretiosum.
1152 3271 1227 3335 Per.

200 3380 381 3440 Consecratc'o
394 3398 480 3454 super
493 3384 628 3454 putenam
642 3385 666 3434 et
680 3376 806 3434 culicem.

202 3477 382 3542 Dominum
409 3473 527 3550 Deum,
554 3471 627 3537 coeli
658 3476 693 3536 et
723 3478 821 3537 terrae
851 3471 1067 3548 conditorem,
1094 3469 1314 3550 dilectissimi,

161 3561 399 3665 supplicamus,
421 3583 460 3640 ut
483 3577 546 3639 hoc
568 3575 793 3639 ministerium
817 3575 905 3658 quod
932 3595 1051 3638 manus
1078 3574 1250 3638 hominum
1272 3575 1315 3639 ad

158 3684 300 3770 gloriam
316 3687 351 3744 et
373 3679 506 3743 laudem
523 3684 581 3742 tuo
601 3678 727 3741 nomini
750 3676 938 3753 fabricavit,
955 3682 991 3741 tu
1007 3677 1083 3760 pius
1105 3696 1144 3741 ac
1166 3677 1312 3741 clemens

158 3787 309 3872 aspicere
327 3789 361 3848 et
375 3802 572 3847 consecrare
589 3780 749 3866 digneris.
794 3779 870 3843 Per.

243 3909 285 3945 ta.

199 3889 305 4058 ἔθυε,
319 3979 560 4045 benedictionis
575 3978 735 4054 indultor,
747 3979 804 4062 qui
815 3977 1040 4041 ministerium
1056 3976 1144 4061 quod
1157 3977 1313 4044 Salomon

158 4091 192 4152 in
215 4085 342 4171 templo
365 4081 579 4146 Hierusalem
603 4081 796 4156 destinavit,
817 4100 878 4164 per
901 4079 1093 4144 sacerdotes
1116 4084 1194 4144 tuos
1215 4068 1314 4146 bene-

159 4192 269 4255 dicere
292 4188 450 4272 dignatus
478 4206 533 4261 es;
558 4184 784 4269 supplicamus
807 4203 867 4267 per
891 4184 1013 4246 bonum
1041 4186 1076 4246 et
1101 4184 1312 4249 benedictum

160 4292 339 4359 Dominum
364 4295 516 4352 nostrum
542 4287 660 4350 Jesum
688 4285 858 4350 Christum
889 4285 1013 4350 Filium
1044 4291 1150 4362 tuum,
1177 4292 1216 4352 ut
1245 4287 1313 4350 haec

247 4396 343 4458 Pont.
360 4393 401 4453 41
1302 4394 1306 4400 '
