2940 4996
460 465 679 528 consecratio
695 458 991 524 Sanetimoaialia.
1242 451 1305 513 171

150 673 271 732 sanctae
288 669 531 735 Incarnationis
546 670 620 754 ejus
636 689 798 733 renovare
810 667 969 750 dignatus
985 684 1041 739 es;
1065 666 1099 726 te
1112 657 1309 744 suppliciter

150 790 339 848 exoramus,
355 779 393 838 ut
416 774 566 857 ejusdem
582 772 717 837 Domini
740 772 761 836 J
764 793 825 836 esu
847 769 975 834 Christi
990 766 1134 852 gratiam
1157 761 1309 828 effundas

150 893 252 958 super
272 876 358 952 hanc
380 876 542 941 famulam
564 881 668 952 tuam,
692 896 752 960 per
774 894 873 958 quam
896 872 931 934 in
954 869 1076 955 spiritu
1098 888 1165 931 suae
1187 863 1310 928 mentis

151 984 319 1056 revocata,
336 984 485 1044 veterem
500 979 668 1044 hominem
685 999 760 1043 cum
777 978 848 1041 suis
863 975 994 1040 actibus
1011 975 1124 1047 exuat,
1140 977 1176 1034 et
1189 988 1310 1032 novum

149 1079 207 1163 qni
237 1082 418 1146 secundum
449 1083 559 1148 Deum
589 1088 724 1147 creatus
754 1086 808 1145 est
837 1080 976 1144 induere
1008 1082 1189 1140 mereatur.
1243 1073 1309 1136 Per

155 1184 306 1248 eundem.

198 1285 351 1352 Oremus.

200 1391 333 1454 Oratio.
378 1390 519 1456 Domine
542 1392 625 1458 Jesu
649 1390 794 1467 Christe,
815 1388 873 1473 qui
896 1409 933 1453 es
953 1386 1010 1450 via
1033 1385 1104 1449 sine
1127 1404 1193 1467 qua
1215 1402 1311 1445 nemo

155 1491 249 1554 venit
286 1491 328 1556 ad
366 1493 521 1570 Patrem3
559 1514 749 1578 quaesumus
786 1489 1063 1576 benignissimam
1101 1485 1312 1550 clementiam

153 1597 257 1670 tuam,
284 1601 322 1661 ut
351 1597 438 1661 hanc
465 1597 625 1662 famulam
656 1602 750 1662 tuam
780 1617 801 1660 a
827 1593 1019 1659 carnalibus
1049 1590 1225 1655 desideriis
1255 1589 1312 1652 ab·

154 1704 324 1778 stractam,
363 1723 424 1785 per
460 1702 526 1767 iter
563 1703 746 1788 disciplinae
784 1699 952 1786 regularis
989 1698 1145 1772 deducas,
1183 1700 1217 1761 et
1255 1694 1311 1778 qui

156 1808 349 1885 peccatores
372 1827 492 1871 vocare
515 1806 674 1892 dignatus
697 1827 744 1883 es,
760 1805 884 1880 dicens,
911 1802 1031 1866 Venite
1054 1800 1096 1865 ad
1119 1821 1183 1875 me,
1199 1819 1313 1862 omnes

157 1906 214 1988 qui
230 1906 394 1973 laboratis
410 1913 446 1974 et
468 1911 600 1975 onerati
616 1909 711 1984 estis,
727 1913 763 1972 et
778 1928 841 1992 ego
863 1905 1009 1970 reficiam
1026 1924 1104 1979 vos3
1128 1906 1261 1988 praesta,
1277 1908 1317 1965 ut

142 2008 224 2074 'haec
254 2030 319 2073 vox
349 2011 560 2076 invitationis
589 2017 654 2076 tuae
684 2012 734 2075 ita
763 2011 798 2073 in
829 2030 870 2074 ea
898 2006 1119 2079 convalescat,
1147 2011 1314 2089 quatenus

157 2116 369 2194 peccatorum
392 2133 496 2179 onera
518 2114 699 2199 deponens,
721 2120 755 2178 et
778 2133 877 2196 quam
900 2109 1008 2174 duleis
1029 2129 1066 2173 es
1087 2114 1241 2193 gustans,
1257 2113 1317 2172 tua

158 2213 340 2278 refectione
364 2217 550 2281 sustentari
573 2223 762 2291 mereatur;
786 2221 821 2278 et
848 2214 935 2277 sicut
961 2212 1117 2275 attestari
1144 2213 1163 2250 a
1190 2211 1231 2274 de
1258 2216 1318 2275 tua

158 2317 271 2400 gratia
292 2317 452 2402 dignatus
474 2340 522 2396 es,
545 2340 690 2404 agnosce
714 2340 787 2384 eam
810 2316 905 2380 inter'
923 2335 1003 2379 oves
1025 2319 1113 2390 tuas,
1130 2318 1165 2377 et
1186 2314 1260 2399 ipsa
1282 2320 1316 2378 te

159 2423 332 2503 agnoscat,
345 2425 383 2485 ut
397 2422 543 2486 alienum
558 2444 625 2486 non
642 2426 803 2506 sequatur
818 2421 876 2485 sed
892 2425 937 2495 te,
949 2438 1057 2501 neque
1074 2417 1190 2482 audiat
1205 2437 1318 2480 vocem

159 2519 342 2585 alienorum
356 2523 414 2587 sed
430 2529 533 2599 tuam,
544 2524 602 2608 qui
614 2524 706 2602 dicis,
720 2523 782 2609 Qui
794 2522 876 2587 mihi
887 2521 1069 2597 ministrat,
1081 2540 1133 2582 me
1147 2525 1317 2604 sequatur.

160 2623 222 2708 Qui
238 2624 324 2687 vivis
340 2630 373 2688 et
390 2646 523 2710 regnas.

201 2726 271 2784 Post
283 2726 341 2784 leoec
355 2727 499 2786 benedicat
513 2729 657 2806 epiecopus
670 2729 809 2798 habitum,
823 2728 928 2786 dicens.

205 2819 309 2898 Deus,
326 2827 525 2886 aeternorum
541 2824 705 2888 bonorum
727 2823 921 2886 fidelissime
942 2820 1136 2907 promissor,
1151 2830 1190 2883 ut
1213 2841 1321 2902 supra
1353 2829 1356 2834 '

165 2924 201 2987 in
219 2925 485 2991 Consecratione
500 2937 700 2991 cunctarum
715 2929 898 3011 virginum.

202 3025 279 3085 Item
294 3027 409 3099 ibidem,
426 3029 489 3087 alia
502 3030 604 3089 oratio.

207 3119 349 3185 Domine
364 3121 466 3201 Deus,
483 3125 646 3189 bonarum
662 3123 827 3188 virtutum
843 3123 950 3187 dator.

205 3223 310 3281 Finita
325 3227 462 3298 oratione,
477 3234 646 3304 aspergatur
659 3246 735 3303 epau
750 3226 893 3284 benedicta
907 3244 991 3301 saper
1003 3223 1206 3281 vestimentum.

205 3317 317 3376 Deinde
331 3320 429 3377 tradat
442 3321 470 3378 ei
483 3321 627 3398 episcopua
641 3321 838 3379 vestimentum
850 3319 955 3377 dicens.

209 3414 343 3498 Accipe,
366 3414 503 3492 famula,
532 3417 779 3492 vestimentum,
802 3425 840 3481 ut
867 3435 976 3497 supra
1000 3416 1037 3476 in
1064 3414 1324 3477 consecratione

167 3526 367 3580 sanctarum
382 3519 565 3602 virginum.

212 3616 293 3676 Tunc
306 3618 432 3696 incipiat
452 3621 595 3698 episcopus
609 3621 715 3678 excelsa
735 3640 798 3677 uoce
818 3619 955 3697 lignacum
976 3617 1054 3678 Veni
1071 3617 1203 3688 Creator,
1220 3624 1245 3674 et
1261 3626 1326 3695 post

167 3714 304 3791 hymnum
318 3713 398 3772 dicat
412 3716 556 3793 episcopus
570 3717 736 3774 mationem.

213 3807 335 3872 Sancte
349 3808 507 3892 Spiritus,
520 3810 578 3893 qui
595 3814 628 3873 te
641 3809 748 3873 Deum
764 3830 803 3873 ac
815 3807 992 3872 Dominum
1005 3806 1157 3870 revelare
1170 3806 1329 3891 dignatus

170 3930 207 3974 es
233 3910 450 3988 mortalibus3
474 3912 672 3976 immensam
699 3919 764 3976 tuac
792 3911 975 3997 potestatis
999 3911 1017 3991 †
1041 3910 1186 3994 gratiam
1213 3915 1329 3995 postu·

170 4012 289 4090 lamus,
315 4010 355 4078 ut
381 4013 470 4078 sicut
499 4015 557 4079 ubi
587 4015 639 4078 vis
670 4015 790 4098 spiras,
819 4014 868 4078 sic
894 4018 930 4078 et
955 4013 990 4077 in
1019 4013 1083 4077 hac
1109 4011 1239 4077 famula
1267 4018 1328 4078 tua

170 4116 327 4180 affectum
342 4116 530 4181 devotionis
552 4115 749 4203 indulgeas3
774 4121 809 4181 et
831 4116 988 4200 quoniam
1011 4120 1071 4180 tua
1086 4114 1256 4200 sapientia
1277 4122 1331 4179 est

170 4266 187 4300 ¹¹*
206 4263 347 4337 acceptari.
385 4265 491 4338 Pontifl
504 4266 582 4322 Lino.

169 4352 322 4423 †piatatis.
360 4352 464 4426 Pontef
479 4354 553 4409 Lino.

257 4442 319 4503 21*
