2940 4996
374 459 553 521 Ordinatio
571 460 799 522 Diaconorurn
817 470 847 522 et
864 461 1096 521 Sacerdoturn.
1268 449 1310 510 25

201 658 247 720 In
262 660 540 725 reconciliatione
555 662 704 727 ecclesioe
718 662 772 726 uel
787 662 974 725 coemcterii.

201 759 250 822 Ut
275 761 447 826 ecelesiam
471 763 571 827 istam
597 765 649 828 vel
674 764 892 829 caemeterium
922 763 1010 827 istud
1037 758 1248 825 reconciliare
1276 759 1310 818 et

154 870 386 943 conseculare
403 865 558 950 digneris,
574 873 607 930 te
623 888 788 952 rogamus,
804 866 881 930 audi
896 887 966 931 nos.

202 965 247 1028 In
263 968 490 1032 benedictione
506 978 759 1050 campunarum.

200 1068 248 1131 Ut
272 1070 357 1132 hane
385 1092 576 1154 campanam
601 1071 837 1149 beneffldicere,
863 1071 1114 1152 sanetifflfieare,
1138 1072 1173 1129 et
1196 1082 1308 1126 conse·

154 1170 291 1248 crepare
307 1172 463 1257 digneriS,
480 1179 513 1238 te
529 1196 696 1259 rogamus,
712 1174 789 1240 audi
804 1197 876 1239 nos,

202 1274 247 1336 In
262 1277 475 1340 dedicatione
491 1280 609 1342 crucis.

202 1375 254 1439 Ut
290 1378 375 1441 hane
406 1400 534 1444 crucem
567 1380 806 1466 beneffidieere,
845 1379 1094 1462 sanctifflficare,
1127 1383 1161 1439 et
1199 1391 1311 1436 conse·

156 1478 292 1557 erfflare
308 1480 464 1565 digneris,
480 1486 514 1545 te
529 1503 695 1567 rogamus,
712 1482 874 1546 audinus.

206 1578 272 1638 Hoc
294 1590 408 1658 peracto
433 1584 596 1659 genuflectat
624 1585 765 1662 episcopus
793 1604 855 1641 cunt
883 1583 1023 1639 ministris
1050 1603 1134 1658 euque
1161 1579 1199 1637 od
1221 1579 1310 1654 finem

157 1675 279 1732 litania.

201 1769 309 1826 Clerici
321 1779 524 1846 prosequantur
538 1771 671 1830 litaniam
685 1773 734 1829 sic.

204 1864 255 1927 Ut
271 1865 442 1948 episcopos
458 1873 492 1929 et
514 1866 653 1930 abbates
675 1873 808 1930 nostros
823 1869 856 1928 in
873 1872 988 1932 saneta
1010 1865 1167 1951 religione
1183 1882 1313 1928 conser-

158 1987 240 2028 vare
256 1965 413 2050 digneris,
429 1971 463 2030 te
478 1988 644 2053 rogamus,
661 1968 737 2030 audi
752 1988 822 2031 nos.

205 2067 255 2131 Ut
265 2068 338 2151 regi
352 2075 468 2132 nostro
485 2074 519 2132 et
530 2070 731 2154 principibus
748 2069 872 2132 nostris
884 2089 995 2152 pacem
1013 2074 1047 2131 et
1059 2090 1169 2131 veram
1183 2088 1314 2131 concor·-

158 2171 251 2232 diam
267 2175 367 2253 atque
384 2171 555 2235 victoriam
571 2172 692 2236 donare
709 2172 866 2256 digneriS,
882 2177 916 2234 te
933 2191 1097 2254 rogamus,
1115 2171 1189 2233 audi
1206 2191 1276 2232 nos.

205 2273 255 2336 Ut
275 2275 551 2358 congregationes
567 2277 709 2339 omnium
727 2282 914 2340 sanctorum
931 2282 1061 2338 tuorum
1078 2276 1184 2339 intuo
1201 2281 1314 2338 saneto

160 2374 300 2438 servitio
316 2396 512 2441 conservare
527 2376 684 2462 digneris,
700 2384 733 2440 te
749 2397 915 2461 rogamus,
931 2375 1007 2439 audi
1024 2398 1094 2440 nos,

205 2475 255 2539 Ut
281 2482 433 2540 cunctum
465 2478 620 2562 populum
647 2477 872 2543 Christianum
899 2478 1043 2561 pretioso
1071 2478 1231 2562 sanguine
1257 2485 1314 2542 tuo

160 2578 370 2661 redemptum
386 2601 578 2645 consecrare
594 2581 750 2666 dignene,
765 2589 799 2646 te
815 2601 981 2664 rogamus,
997 2581 1074 2643 audi
1090 2602 1159 2644 nos.

207 2680 258 2743 Ut
280 2681 431 2746 omnibus
453 2683 718 2748 benefactoribus
740 2684 864 2747 uostris
892 2683 1092 2768 sempiterna
1114 2685 1200 2747 bona
1221 2686 1316 2748 retri-

161 2787 258 2859 buas,
273 2788 307 2847 te
322 2805 489 2869 rogamuS,
505 2787 581 2851 audi
597 2808 666 2850 nos.

223 2885 274 2949 Ut
303 2887 430 2951 animas
464 2895 595 2953 nostras
629 2894 664 2952 et
696 2894 870 2973 parentum
902 2893 1089 2952 nostrorum
1123 2891 1164 2952 ab
1196 2896 1318 2954 aeterna

162 2989 377 3052 damnatione
393 2989 524 3074 eripias,
539 2996 574 3055 te
589 3012 755 3075 rogamuS,
771 2991 848 3053 audi
864 3011 934 3053 noe.

208 3090 259 3153 Ut
278 3089 406 3153 fruetus
429 3097 531 3154 terraev
548 3091 626 3155 dare
650 3099 683 3156 et
706 3113 900 3155 conservare
924 3092 1080 3176 digneris,
1097 3098 1129 3154 te
1152 3114 1317 3178 rogamus,

162 3196 243 3260 audi
260 3216 330 3259 nos.

208 3297 259 3361 Ut
274 3298 387 3362 oculos
402 3299 631 3364 misericordia
647 3307 711 3364 tuae
736 3321 835 3384 super
857 3321 917 3362 nos
932 3300 1087 3364 reducere
1111 3302 1267 3387 digneris,
1285 3313 1316 3367 te

161 3421 333 3484 rogamus,
351 3401 513 3466 audinus.

209 3502 260 3565 Ut
282 3503 474 3586 obsequium
491 3505 662 3569 servitutis
685 3510 805 3568 nostrae
827 3503 1023 3568 rationabile
1046 3504 1158 3579 facias,
1175 3511 1207 3567 te
1224 3527 1316 3592 roga-

162 3625 253 3679 mus,
270 3603 347 3668 audi
363 3626 433 3669 nos.

211 3705 262 3769 Ut
276 3712 405 3770 mentes
421 3712 552 3771 nostras
568 3707 610 3784 ad
626 3707 772 3771 eoelestia
791 3707 955 3772 desideria
970 3708 1089 3793 erigas,
1106 3713 1139 3770 te
1155 3730 1320 3793 rogamus,

166 3807 333 3870 audinos.

212 3907 263 3971 Ut
289 3907 439 3970 miserias
470 3930 649 3993 pauperum
677 3921 711 3974 et
737 3910 940 3993 captivorum
968 3909 1088 3973 intueri
1115 3917 1149 3972 et
1174 3911 1321 3978 relevare

165 4008 328 4094 digneris,
345 4015 378 4071 te
394 4029 559 4092 rogamus,
576 4011 651 4074 audi
668 4031 738 4073 nos.

212 4111 260 4174 Ut
282 4111 435 4174 omnibus
455 4112 606 4175 fidelibus
628 4113 792 4176 defunctis
815 4110 958 4194 requiem
983 4117 1136 4175 aeternam
1160 4113 1272 4190 dones,
1289 4127 1321 4181 te

164 4233 335 4296 rogamus,
353 4211 516 4275 audinus.

256 4315 354 4376 Pont.
373 4314 394 4375 3
