2940 4996
481 401 700 468 Consecrctio
715 401 831 484 Regia.
1055 361 1060 369 Ι
1167 388 1231 451 219

122 609 244 695 Accipe
260 608 421 687 armillas,
438 607 643 673 sinceritatis
658 612 693 671 et
709 604 879 690 sapientiae
899 600 1082 683 divinaeque
1098 595 1236 661 circum·

79 713 225 777 dationis
248 714 415 789 indicium,
439 713 559 796 quibus
585 708 757 793 intelligas
784 727 898 771 omnes
920 703 1132 791 operationes
1156 703 1236 764 tuas

80 821 198 879 contra
213 818 329 880 hostes
344 815 494 880 visibiles
509 819 545 879 et
566 812 752 877 invisibiles
767 831 866 897 posse
882 829 955 872 esse
971 806 1127 870 munitas.
1171 802 1236 864 Per

83 917 274 981 Dominum.

126 1021 199 1079 Cum
213 1021 301 1078 datur
309 1021 445 1098 pallium.

127 1116 250 1200 Accipe
260 1116 409 1201 pallium,
420 1114 694 1199 quattuorinitiis
705 1114 961 1195 formatum,per
971 1108 1058 1191 quod
1068 1107 1239 1191 intelligas
1288 1149 1291 1152 -

83 1224 242 1303 quattuor
264 1219 377 1282 mundi
404 1227 518 1302 partes
543 1219 662 1282 divinas
688 1214 850 1302 potestati
877 1233 951 1276 esse
978 1212 1156 1295 subjectas,
1179 1230 1240 1272 nec

88 1342 274 1404 quenquam
297 1341 396 1404 posse
419 1321 566 1385 fideliter
588 1340 729 1405 regnare
745 1319 778 1380 in
802 1316 913 1393 terris,
928 1314 994 1378 nisi
1018 1313 1071 1378 cui
1093 1317 1245 1396 potestas

86 1424 247 1510 regnandi
262 1424 366 1488 luerit
380 1423 503 1488 collata
519 1425 552 1487 in
569 1424 670 1487 coelis.

129 1526 299 1585 Benedictio
312 1548 420 1584 coronce
433 1529 516 1602 repis.

134 1623 237 1698 Deus,
253 1632 389 1686 tuorum
406 1645 528 1687 corona
543 1622 699 1697 fidelium,
716 1619 774 1703 qui
790 1619 824 1681 in
840 1617 1007 1701 capitibus
1022 1638 1134 1680 eorum
1150 1615 1247 1700 ponis

92 1746 247 1791 coronam
276 1725 318 1787 de
348 1725 457 1808 lapide
486 1725 644 1810 pretioso,
671 1722 807 1786 benedic
834 1726 869 1784 et
900 1721 1070 1784 sanctifica
1094 1739 1247 1783 coronam

92 1829 202 1903 istam,
234 1833 400 1910 quatenus
434 1829 521 1892 sicut
553 1829 629 1911 ipsa
658 1826 800 1890 diversis
830 1825 1053 1909 pretiosisque
1083 1822 1251 1908 lapidibus
1376 1853 1379 1858 ·

93 1931 285 2006 adornatur,
317 1932 365 1994 sic
394 1931 541 1994 famulus
569 1936 647 1994 tuus
678 1929 722 1992 N.
752 1934 906 2012 gestator
934 1927 1042 2012 ipsius
1071 1926 1251 2011 multiplici

95 2033 320 2117 pretiosarum
343 2033 507 2096 virtutum
522 2054 659 2096 munere
676 2037 734 2095 tua
756 2031 921 2115 largiente
943 2029 1056 2114 gratia
1070 2028 1253 2113 repleatur.

97 2138 163 2200 Per
183 2136 360 2199 Dominum
378 2143 530 2201 nostrum
545 2137 565 2201 J
569 2158 662 2202 esum
680 2135 850 2200 Christum
866 2135 989 2198 Filium
1004 2139 1111 2211 tuum,
1127 2134 1253 2219 Regem

96 2244 268 2303 aternum.
313 2238 375 2322 Qui
391 2244 513 2304 tecum.

140 2339 213 2399 Cum
227 2341 318 2416 capiti
330 2362 432 2399 corono
447 2342 542 2402 datur.

143 2434 290 2499 Coronet
312 2441 345 2499 te
369 2437 463 2503 Deus
485 2459 607 2502 corona
629 2437 754 2521 gloriae,
778 2441 878 2519 atque
898 2433 1041 2518 justitiae
1063 2433 1200 2510 honore,
1225 2440 1260 2498 et

98 2562 199 2624 opere
222 2540 442 2618 fortitudinis,
460 2549 498 2605 ut
521 2563 581 2627 per
604 2543 746 2606 officium
770 2549 894 2604 nostrae
916 2539 1160 2604 benedictionis
1185 2561 1259 2603 cum

101 2643 164 2706 fide
187 2648 281 2707 recta
304 2649 338 2708 et
359 2644 536 2728 multiplici
561 2646 721 2708 bonorum
745 2665 882 2727 operum
904 2643 1016 2707 fructu
1039 2643 1081 2705 ad
1104 2663 1261 2706 coronam

99 2747 277 2832 pervenias
300 2749 396 2833 regni
419 2750 582 2831 perpetui,
607 2749 680 2832 ipso
704 2749 881 2832 largiente,
905 2748 1000 2830 cujus
1022 2769 1162 2832 regnum
1186 2767 1261 2832 per-

99 2854 218 2912 manet
231 2850 265 2910 in
282 2850 403 2914 saecula
419 2851 625 2914 saeculorum.

141 2950 212 3009 Post
226 2973 359 3010 coronam
372 2954 473 3010 oratio.

145 3048 240 3112 Deus
252 3050 499 3133 perpetuitatis,
512 3051 579 3113 dux
591 3052 765 3127 virtutum,
778 3057 972 3116 cunctorum
984 3050 1134 3114 hostium
1146 3049 1264 3126 victor,

105 3151 243 3215 benedic
259 3152 347 3214 hunc
362 3151 526 3215 famulum
543 3159 637 3217 tuum
661 3154 705 3218 N.
721 3155 785 3218 tibi
801 3159 902 3237 caput
925 3173 1019 3216 suurn
1036 3151 1265 3229 inclinantem,

106 3261 141 3317 et
165 3254 300 3337 prolixa
324 3255 470 3318 sanitate
497 3261 530 3320 et
557 3278 718 3340 prospera
744 3257 907 3320 felicitate
935 3277 1010 3319 eum
1037 3273 1208 3328 conserva,
1232 3259 1266 3316 et
1333 3339 1336 3344 ¹

107 3358 298 3439 ubicunque
322 3357 484 3420 auxilium
507 3364 603 3422 tuum
627 3361 844 3434 invocaverit,
861 3359 927 3422 cito
951 3358 1044 3421 adsis
1059 3362 1093 3420 et
1108 3361 1270 3441 protegas

107 3481 147 3523 ac
170 3459 341 3523 defendas.
388 3461 511 3524 Tribue
535 3463 576 3537 ei,
600 3483 799 3545 quaesumus,
815 3462 967 3538 Domine,
992 3462 1128 3525 divitias
1151 3461 1269 3546 gratiae

107 3567 193 3636 tuae3
218 3560 347 3644 comple
364 3563 397 3623 in
415 3563 510 3626 bonis
527 3564 728 3628 desiderium
745 3567 837 3648 ejus3
862 3585 986 3627 corona
1001 3583 1075 3627 eum
1091 3564 1125 3625 in
1141 3563 1271 3626 miseri·

107 3665 223 3729 cordia
246 3671 316 3741 tua,
337 3666 464 3750 tibique
487 3666 630 3731 Domino
652 3669 709 3752 pia
731 3669 908 3733 devotione
927 3668 1056 3752 jugiter
1077 3667 1272 3731 famuletur.

107 3769 173 3831 Per
189 3767 384 3831 Dominum.

148 3870 222 3929 Cum
237 3870 325 3928 datur
339 3871 474 3928 caculas.

154 3965 277 4048 Accipe
294 3967 393 4050 regiae
406 3967 584 4052 dignitatis
597 3967 768 4043 annulum,
782 3971 815 4031 et
830 3987 891 4051 per
902 3967 989 4029 huno
1001 3966 1036 4028 in
1048 3971 1081 4030 te
1094 3964 1272 4032 Catholicae

111 4068 189 4131 fidei
220 4069 439 4153 signaculum,
467 4071 547 4154 quia
579 4077 617 4135 ut
642 4071 739 4134 hodie
767 4070 900 4134 ornaris
927 4074 1029 4152 caput
1055 4074 1089 4134 ct
1117 4071 1274 4158 princeps

113 4172 208 4255 regni
224 4194 263 4235 ac
279 4174 402 4257 populi,
420 4175 468 4238 ita
483 4196 680 4259 perseveres
696 4180 815 4238 auctor
830 4195 869 4238 ac
890 4172 1061 4238 stabilitor
1077 4173 1275 4240 Christiani-

113 4275 197 4338 tatis
220 4281 255 4338 et
278 4275 477 4340 Christianae
502 4278 588 4352 fidei,
613 4262 650 4341 ut
673 4277 754 4340 felix
778 4278 811 4339 in
834 4298 945 4362 opere,
969 4275 1120 4360 locuples
1143 4277 1176 4340 in
1200 4279 1275 4356 fide,

95 4429 97 4434 .
207 4378 270 4442 27*
