2940 4996
58 390 60 394 ’
153 394 216 458 378
457 396 708 459 [rithroniactio
729 394 996 478 Archiepiscopi.

683 675 773 760 (III.)

199 861 303 921 From
320 882 343 921 u
359 861 516 944 Ropister
532 867 571 947 of
582 866 634 927 the
651 866 732 928 cvtb
752 867 911 946 Ocritury.

198 1049 366 1132 Imprimis
388 1051 542 1115 dominus
565 1053 845 1138 Archiepiscopus
870 1048 1015 1136 propriis
1038 1043 1178 1109 indutus
1202 1037 1311 1102 vesti·

155 1154 217 1216 bus
244 1173 265 1214 a
295 1151 430 1216 Decano
462 1160 496 1217 et
526 1157 675 1239 capitulo
702 1178 777 1220 cum
805 1155 928 1220 ceteris
954 1149 1118 1216 ministris
1149 1142 1313 1209 Ecclesiae

156 1256 311 1318 Eborac
334 1256 422 1320 clero
445 1265 514 1321 tam
538 1260 773 1345 religiosorum
789 1281 889 1345 quam
914 1255 1113 1322 secularium
1131 1255 1166 1312 et
1185 1244 1313 1332 populo

156 1359 304 1421 civitatis
328 1359 427 1423 Ebor.
454 1371 553 1444 prout
576 1364 680 1427 moris
707 1370 770 1440 est,
794 1364 836 1427 ad
863 1361 1025 1447 capellam
1050 1355 1163 1420 Sancti
1188 1350 1313 1415 Jacobi

158 1468 254 1525 extra
271 1484 384 1526 muros
400 1464 501 1528 Ebor.
519 1467 678 1531 situatam
692 1467 787 1551 quasi
804 1468 1019 1531 iuterhoram
1036 1463 1055 1526 6
1072 1465 1106 1525 et
1122 1460 1140 1525 7
1158 1456 1315 1540 ejusdem

159 1566 224 1628 diei
241 1569 538 1649 processionaliter
554 1577 588 1633 et
603 1572 784 1635 honorifice
802 1579 856 1635 est
871 1575 1038 1653 receptus.

204 1670 255 1732 Ad
286 1672 382 1754 cujus
417 1674 552 1756 capellae
587 1675 763 1738 introitum
798 1675 959 1760 praefatus
994 1670 1158 1737 Dominus
1193 1663 1316 1745 Archi·

161 1775 335 1858 episcopus
367 1798 387 1839 a
412 1777 545 1840 domino
573 1778 708 1842 Decano
740 1785 775 1842 et
800 1778 958 1863 Capitulo
990 1776 1045 1859 qui
1070 1794 1130 1857 pro
1159 1777 1313 1852 tempore

160 1883 341 1960 praesentes
363 1879 499 1957 fuerint,
523 1884 711 1966 aspersorio
735 1905 756 1946 a
778 1884 865 1947 dicto
888 1881 1020 1945 domino
1044 1879 1179 1942 Decano
1204 1874 1312 1937 eidem

161 1981 294 2045 domino
311 1985 569 2070 Archiepiscopo
585 1986 711 2050 tradito
728 1994 762 2050 et
775 2008 911 2071 asperso
928 1995 963 2049 et
978 1983 1184 2055 thurificato,
1199 1979 1314 2042 subse·

161 2093 311 2166 quuntur
326 2109 346 2150 a
362 2088 491 2177 capella
515 2088 673 2173 praedicta
691 2091 789 2154 nudis
813 2090 958 2174 pedibus
976 2087 1021 2172 (si
1037 2092 1171 2170 tempus
1189 2103 1254 2145 non
1273 2081 1319 2144 sit

162 2190 366 2276 pluviosum)
383 2194 589 2277 praecedente
613 2195 702 2258 clero
726 2218 765 2259 ac
787 2195 957 2279 religiosis
980 2193 1129 2256 civitatis
1152 2187 1316 2273 praedictae

162 2316 289 2359 necnon
318 2299 482 2361 ministris
509 2298 667 2362 Ecclesiae
697 2301 795 2365 Ebor.
824 2297 1119 2384 processionaliter
1150 2295 1314 2358 ordinatis

164 2406 201 2461 ut
239 2407 291 2464 est
324 2405 436 2480 moris,
472 2406 563 2488 capis
598 2401 757 2489 pretiosis
792 2405 924 2468 indutis
964 2404 992 2466 si
1027 2410 1161 2485 tempus
1196 2401 1313 2484 exigit,

163 2506 400 2570 comitantibus
418 2509 597 2572 abbatibus
622 2516 655 2572 et
670 2511 842 2594 prioribus
866 2531 904 2573 ac
922 2508 999 2573 aliis
1015 2505 1164 2591 praelatis
1188 2505 1312 2568 Ebora·

165 2612 273 2674 censis
310 2612 503 2691 Dioceseos‚
543 2616 598 2699 qui
637 2637 697 2700 pro
735 2621 885 2699 ternpore
931 2614 1156 2698 personaliter
1195 2613 1313 2676 adesse

163 2716 372 2801 contingunt,
410 2719 452 2781 ad
490 2719 672 2782 Ecclesiam
709 2741 803 2783 suam
836 2718 1072 2791 Oatbedralem
1112 2718 1312 2802 procedebit,

163 2819 266 2902 pallio
298 2842 357 2905 pro
388 2822 513 2886 feretro
546 2824 661 2888 Sancti
693 2824 858 2887 Willelmi
890 2824 1045 2888 ordinato
1078 2843 1182 2907 supra
1212 2828 1313 2906 caput

166 2925 314 3007 ejusdem
343 2928 467 2992 domini
499 2929 753 3014 Archiepiscopi
785 2951 845 3013 per
872 2931 1047 2993 ministros
1078 2927 1235 2992 Ecclesia
1260 2927 1315 2991 de-

166 3036 310 3114 portato,
324 3053 361 3094 ac
375 3033 568 3117 ingrediens
581 3035 703 3095 ostium
717 3033 924 3096 occidentale
938 3032 1093 3096 Ecclesiae
1107 3031 1319 3097 Oatbedralis

166 3135 338 3219 praedictae,
355 3157 416 3219 per
431 3137 600 3199 dominum
625 3137 796 3199 Decanum
814 3159 901 3220 aqua
917 3136 1093 3201 benedicta
1109 3157 1267 3220 aspersus
1284 3144 1316 3200 et

168 3243 413 3325 subsequenter
438 3242 651 3305 thurificatus
679 3249 742 3306 est.
788 3243 896 3306 Textu
921 3242 1097 3327 Evangelii
1125 3244 1316 3330 peripsum

170 3349 289 3409 devote
325 3347 488 3423 osculatu,
519 3347 802 3430 processioneque
836 3348 869 3409 in
901 3347 978 3411 navi
1012 3346 1172 3411 Ecclesiae
1207 3354 1318 3411 stante

170 3457 206 3513 ut
242 3456 295 3513 est
329 3452 441 3526 moris,
473 3451 632 3536 praefatus
665 3450 821 3514 dominus
856 3452 1142 3534 Archiepiscopus
1177 3451 1211 3513 in
1246 3450 1317 3515 loco

168 3555 318 3615 inferiori
352 3556 447 3619 dictae
482 3556 708 3640 processionis
740 3556 781 3618 ad
814 3555 977 3639 quoddam
1010 3554 1194 3618 scabellum
1230 3556 1317 3620 inter

169 3663 296 3724 fontem
320 3663 554 3744 baptismalem
581 3671 615 3726 et
639 3665 763 3727 ostium
786 3663 882 3736 dictae
905 3662 1062 3726 Ecclesiae
1090 3684 1150 3748 pro
1173 3663 1259 3747 ipsc,
1283 3669 1320 3726 ut

169 3767 291 3840 decuit,
315 3768 454 3829 honeste
479 3768 671 3831 ordinatum
694 3767 942 3849 genuflectabit,
959 3768 1060 3830 choro
1084 3767 1220 3829 interim
1244 3787 1318 3829 can-

173 3878 266 3933 tante
283 3871 545 3953 Responsorium
570 3876 715 3935 Sunanaoe
741 3872 907 3934 Trinitotc'
924 3893 998 3933 cum
1022 3891 1123 3934 versu
1139 3877 1173 3934 et
1200 3871 1320 3934 Gloria

174 3975 277 4036 Patri
294 3974 453 4056 ejusdem.

217 4079 370 4162 Ipsisque
406 4101 426 4142 a
457 4079 557 4142 choro
592 4079 792 4152 decantatis,
823 4077 982 4162 praefatus
1015 4077 1169 4141 dominus
1203 4079 1319 4142 Archi-

175 4185 349 4267 episcopus
381 4185 644 4268 genuflectendo,
677 4192 713 4247 ut
744 4184 931 4268 praefertur,
963 4183 1124 4268 inspectis
1154 4204 1215 4267 per
1246 4205 1317 4246 eum

174 4290 400 4350 sacrosanctis
424 4289 487 4351 Dei
512 4289 709 4374 Evangeliis
734 4289 768 4351 in
792 4310 894 4352 manu
921 4288 1001 4352 dicti
1029 4287 1155 4350 domini
1185 4287 1319 4361 Decaui,

65 4402 73 4415 '
173 4391 442 4456 auscultantibus
468 4394 556 4456 circa
580 4392 727 4475 praelatis
752 4398 785 4456 et
808 4392 885 4456 aliis
910 4391 1217 4468 circumstantibus,
1228 4391 1318 4474 juru-
