2940 4996
391 433 612 498 Coaeeorotio
632 431 789 497 Oleorum
805 441 838 496 et
856 432 1073 496 chrismatis.
1244 428 1309 496 257

198 637 265 702 Hic
282 641 396 703 vertat
412 659 448 702 se
464 638 642 723 episcopus
658 635 834 714 adultere,
851 642 887 702 et
901 636 992 702 dicat
1007 636 1079 702 alta
1094 656 1186 700 voce.

196 737 257 797 Per
269 741 368 798 omniu
381 741 484 798 soeculo
497 741 673 800 soeculorum.

198 835 292 899 Tunc
307 834 468 900 diaconus
485 836 543 921 qui
558 836 771 922 evangelium
786 835 880 921 legit,
897 834 997 899 dicat.
1096 861 1097 864 ¹

194 937 360 997 Humiliote
373 960 420 997 vos
433 939 473 997 ool
487 939 712 998 benedictionem.

197 1033 287 1099 Data
302 1035 549 1113 benedictione,
565 1036 709 1113 dicatur,
820 1073 822 1077 ·

193 1136 234 1194 Et
249 1138 316 1195 Poe
330 1137 389 1214 ejus
402 1139 439 1195 sit
452 1159 559 1215 semper
571 1139 720 1196 vobiscum.

197 1233 291 1296 Tunc
307 1239 425 1298 cantor
440 1233 580 1318 incipiat
593 1236 716 1318 Apoae
733 1233 808 1297 Dei.

197 1335 241 1399 Et
257 1335 430 1401 deferatur
451 1337 606 1420 episeopo
624 1356 683 1399 vus
707 1335 900 1400 chrismatis
916 1354 936 1398 a
951 1333 1092 1398 diacono
1115 1333 1157 1398 ad
1173 1332 1311 1398 deoscu-

154 1436 300 1517 landum,
318 1441 336 1478 ³*
353 1461 393 1503 ae
410 1440 590 1504 succedant
604 1438 731 1503 fratres
748 1438 929 1502 secundum
945 1436 1094 1502 ordinem
1111 1437 1154 1503 ad
1175 1460 1313 1525 pacem3

156 1541 275 1605 deinde
306 1542 348 1606 ad
383 1547 535 1607 sanctum
567 1543 715 1606 chrisma
744 1540 1017 1606 deosculandum.
1075 1542 1120 1607 Et
1153 1542 1312 1608 accedant

157 1665 271 1709 omnes
301 1645 343 1708 ad
373 1645 636 1708 communionem
669 1648 828 1708 sanctam.
885 1642 1004 1728 Sicque
1032 1648 1150 1709 cantor
1178 1644 1313 1709 inchoet

159 1747 432 1811 communionem.

197 1848 261 1907 Hoc
277 1849 385 1926 Corpus
399 1849 474 1926 quod
486 1869 539 1926 pro
553 1849 630 1908 vobis
643 1849 781 1907 traditur.

202 1944 462 2010 Communicatis
484 1950 598 2008 autem
612 1944 775 2009 fratribus
799 1943 906 2027 etqui
927 1943 1095 2010 voluerint
1115 1945 1156 2010 de
1178 1945 1313 2029 populo,

159 2053 195 2112 et
217 2048 356 2113 adorata
381 2052 415 2112 et
439 2046 633 2111 deosculata
657 2047 744 2111 sacri
771 2046 962 2110 chrismatis
986 2047 1143 2130 ampulla,
1166 2047 1314 2132 praedicti

158 2157 229 2216 tres
251 2150 380 2214 diaconi
408 2170 482 2213 cum
507 2150 684 2215 devotione
708 2150 743 2213 in
771 2147 952 2212 sacrarium
978 2154 1152 2233 reportent
1177 2171 1217 2213 ac
1241 2149 1314 2214 loco

161 2260 345 2339 opportuno
363 2253 396 2315 in
413 2251 632 2317 salvationem
651 2256 824 2338 reponant.
872 2252 1015 2336 Sanguis
1030 2273 1110 2315 vero
1125 2253 1239 2317 eodem
1262 2252 1315 2317 die

161 2358 294 2442 penitus
312 2361 538 2420 consumatur.
583 2355 633 2420 De
650 2354 773 2420 oblatis
788 2359 841 2419 tot
854 2359 1069 2418 reserventur
1083 2355 1117 2417 in
1133 2356 1317 2421 crastinum

160 2482 232 2544 quee
248 2458 400 2523 omnibus
416 2458 546 2541 possint
558 2458 707 2522 sufficere
723 2457 764 2521 ad
777 2455 1095 2520 communicandum.
1140 2456 1317 2524 Celebrate

160 2563 266 2626 missa
288 2561 474 2645 episcopus,
494 2561 699 2645 preecedente
722 2559 935 2644 processione
958 2581 1031 2623 cum
1054 2560 1185 2644 quaed
1208 2561 1315 2627 altare

161 2667 264 2741 venit,
294 2663 396 2728 vadat
425 2664 466 2728 ad
498 2664 606 2729 locum
636 2663 855 2728 constitutum
885 2664 998 2749 ibique
1027 2669 1168 2749 reponat
1195 2687 1316 2751 corpus

160 2767 305 2842 Domini,
331 2765 503 2830 incensato
530 2767 604 2850 ipso
633 2765 706 2830 loco
736 2768 771 2829 et
800 2771 878 2830 ante
908 2766 1145 2851 repositionem
1175 2773 1211 2833 et
1239 2774 1317 2853 post

160 2871 408 2958 repositionem.

160 3373 177 3406 ¹*
200 3373 227 3428 O.
244 3373 272 3428 0.
288 3372 316 3427 0.
331 3370 383 3426 146
397 3371 413 3440 (
419 3370 517 3440 Wore.)
530 3372 561 3425 in
573 3371 682 3441 marytre
693 3369 725 3423 in
736 3368 933 3436 iared-roricum
945 3365 1056 3437 ofsomc
1068 3365 1130 3420 dote
1140 3383 1186 3437 ³7·

160 3466 189 3515 et
201 3460 337 3517 osculetur
350 3457 421 3512 illud
433 3458 581 3530 episcopus,
595 3464 624 3512 et
635 3457 717 3527 dicat,
731 3456 787 3510 Ave
798 3459 922 3509 cunctum
937 3453 1068 3508 Okriamu.
