2940 4996
520 406 739 488 Confirmatio
758 406 960 469 Puerorum,

418 885 746 966 [CONFIRMATIO
769 887 1045 972 Puerorum]

314 1125 457 1191 Incrrrn
481 1129 581 1194 Oeno
605 1146 655 1195 an
677 1145 976 1198 corrraunsnun
999 1141 1151 1193 euneos.

203 1330 422 1416 Omnipotens
437 1336 541 1416 Deus,
558 1341 615 1424 qui
636 1362 838 1426 regenerare
858 1341 1018 1426 dignatus
1042 1358 1077 1401 es
1093 1338 1155 1399 hos
1170 1328 1315 1398 famulos

157 1437 236 1499 tuos
250 1439 270 1520 (
270 1441 324 1501 uel
338 1440 401 1503 has
416 1441 562 1507 famulas
577 1445 670 1529 tuas)
688 1467 730 1508 ex
745 1467 833 1529 aqua
849 1451 883 1509 et
900 1445 1028 1528 Spiritu
1045 1442 1177 1515 Sancto,
1190 1437 1312 1522 quique

157 1533 279 1599 dedisti
296 1538 345 1601 eis
368 1542 601 1606 remissionem
619 1547 765 1607 omnium
781 1550 1015 1629 peccatorum;
1039 1540 1182 1604 immitte
1204 1538 1238 1599 in
1255 1554 1312 1598 eos

156 1639 385 1721 septiformem
402 1643 563 1729 Spiritum
579 1648 737 1712 Sanctum
753 1648 960 1712 Paraolitum
977 1648 1017 1710 de
1033 1645 1135 1720 coelis,
1149 1639 1312 1725 Spiritum

155 1743 326 1826 sapientiae
339 1752 373 1810 et
389 1748 593 1828 intellectus,
608 1751 768 1835 Spiritum
782 1752 928 1815 scientiae
941 1756 976 1814 et
987 1749 1135 1834 pietatis,
1150 1745 1312 1832 Spiritum

157 1846 289 1910 consilii
305 1854 341 1911 et
356 1850 584 1930 fortitudinis;
609 1860 643 1918 et
658 1854 762 1939 imple
779 1875 836 1918 eos
852 1855 925 1938 (vel
947 1853 1020 1938 eas)
1038 1852 1166 1936 Spiritu
1181 1847 1313 1912 timoris

157 1949 293 2015 Domini
304 1958 326 2028 ;‘
341 1960 375 2017 et
401 1957 563 2042 consigna
589 1978 647 2021 eos
673 1959 748 2041 (uel
774 1960 845 2044 eas)
871 1960 967 2043 signo
995 1962 1118 2021 sanctae
1144 1953 1253 2018 erucis
1279 1951 1313 2014 in

158 2053 264 2118 vitam
279 2058 485 2141 propitiatus
501 2065 673 2124 aeternam.

200 2157 281 2216 Tunc
294 2160 433 2236 luqulsito
446 2163 560 2221 uoculae
580 2163 673 2239 cujusl
681 2164 736 2235 let,
754 2173 779 2223 et
787 2165 891 2242 pollice
912 2163 1063 2221 chrismate
1082 2167 1174 2232 uucto,
1184 2157 1314 2237 pontifex

151 2251 251 2326 faciut
263 2275 372 2313 crucem
386 2257 418 2314 lu
431 2257 609 2332 slupulorum
616 2258 722 2335 fronte,
739 2260 841 2317 cllceue.

203 2351 305 2436 Signo
332 2358 366 2417 te
395 2353 492 2438 signo
520 2361 642 2420 sanctae
669 2357 788 2433 crucis,
816 2362 849 2419 et
880 2356 1038 2419 confirmo
1069 2358 1102 2417 te
1134 2352 1314 2416 chrismate

160 2455 292 2531 salutis,
308 2456 343 2518 in
359 2457 492 2520 nomine
509 2459 622 2523 Patris
638 2463 673 2523 et
687 2460 726 2539 ›1‹
743 2459 823 2523 Filii
839 2465 874 2523 ct
890 2457 1034 2542 Spiritus
1052 2455 1178 2520 Sancti.

203 2557 338 2634 Sequitur
351 2560 494 2618 Psalmus.

203 2653 289 2717 Ecce
306 2654 354 2717 sic
366 2655 583 2720 benedicetur
598 2657 706 2733 homo,
720 2659 776 2741 qui
793 2659 889 2722 timet
899 2656 1088 2721 Dominum.
1135 2651 1316 2718 Benedicat

158 2755 220 2819 tibi
244 2755 410 2819 Dominus
434 2778 474 2820 ex
499 2758 588 2834 Sion,
611 2764 649 2824 ut
671 2760 786 2825 videas
810 2762 898 2824 bone
921 2759 1138 2824 Hierusalem
1161 2756 1315 2821 omnibus

160 2858 280 2924 diebus
295 2860 372 2923 vitae
388 2867 464 2925 tuae.

205 2961 320 3026 Gloria
336 2963 441 3027 Patri.

206 3065 397 3130 Sicuterat.

210 3170 248 3231 V.
294 3169 421 3234 Emitte
440 3171 604 3255 Spiritum
620 3177 728 3248 tuum,
746 3178 781 3236 et
796 3174 1011 3236 creabuntur.

203 3274 247 3336 Il.
292 3259 337 3337 Et
352 3275 534 3339 renovabis
550 3275 671 3339 faciem
687 3281 797 3340 terrae.

205 3377 275 3440 Pax
290 3381 413 3440 tecum.

202 3482 336 3546 Etcum
354 3482 474 3565 spiritu
490 3488 559 3548 tuo.

202 3585 306 3662 Deus,
323 3587 380 3670 qui
403 3588 568 3671 apostolis
591 3589 661 3652 tuis
685 3588 843 3654 Sanctum
868 3587 989 3652 dedisti
1007 3586 1178 3672 Spiritum,
1195 3583 1317 3668 quique
1366 3666 1368 3670 Α

160 3712 222 3774 per
249 3710 307 3753 eos
334 3711 515 3774 eorumque
548 3712 760 3756 successores
785 3693 907 3757 ceteris
937 3692 1093 3756 fidelibus
1116 3690 1317 3755 tradendum

160 3815 235 3858 esse
248 3793 406 3871 voluisti;
430 3795 560 3878 respice
572 3796 741 3880 propitius
753 3796 795 3860 ad
810 3801 931 3861 nostrae
944 3795 1147 3859 humilitatis
1163 3793 1317 3869 officium,

161 3905 196 3963 et
229 3905 353 3983 praesta
387 3904 426 3962 ut
459 3900 579 3962 horum
613 3900 723 3976 corda,
759 3922 899 3985 quorum
933 3900 1063 3964 frontes
1100 3902 1316 3964 sacrosancto

160 4001 342 4066 chrismate
357 4001 572 4065 delinivimus
588 4006 623 4065 et
639 4002 735 4087 signo
757 4007 880 4067 sanotae
903 4004 1012 4066 crucis
1034 4002 1316 4089 consignavimus,

157 4105 248 4170 idem
273 4106 419 4190 Spiritus
445 4107 590 4170 Sanctus
612 4107 795 4171 adveniens
822 4107 986 4190 templum
1009 4106 1125 4192 gloriae
1152 4127 1219 4172 suae
1244 4106 1317 4191 dig·

158 4213 282 4274 nanter
315 4209 532 4274 inhabitando
563 4210 727 4295 perficiat.
781 4210 847 4274 Per
878 4209 1068 4274 Dominum.
1115 4209 1155 4273 In
1185 4211 1316 4274 unitate

161 4312 323 4395 ejusdem.

254 4417 316 4480 aa*
385 4511 387 4515 y
