2940 4996
455 438 706 501 Iutbrouirutio
723 438 995 520 Arclciepiscopi.
1055 523 1062 539 ἱ
1249 436 1311 503 379

155 613 305 670 mentum
323 609 356 671 in
374 611 514 693 quodam
532 616 627 675 textu
644 611 822 696 Evangelii
837 614 996 696 scriptum
1015 611 1129 695 legere
1146 617 1180 674 et
1192 610 1310 694 jurare

156 711 257 775 debet
274 714 335 776 sub
352 714 459 777 forma
475 716 650 778 verborum
668 736 727 799 per
744 715 856 778 amnia
873 716 1101 798 subsequenti.

197 815 240 872 Iu
260 818 374 875 uamiue
388 818 454 875 Dei.
497 820 599 876 Arnen.
641 819 705 895 Eoo
726 819 766 876 N.
777 819 963 896 permissione
984 818 1086 876 olicino
1101 818 1185 894 liujus
1204 825 1307 877 soucloe

157 911 290 970 Ecclesiae
319 915 403 971 Ebar.
430 915 680 992 Arcbiepiscapus‚
706 915 823 990 Acyllae
846 916 960 992 prunus
987 923 1012 972 ct
1041 915 1209 991 Apostolicae
1236 914 1309 972 scolis

158 1008 272 1083 leuatus,
281 1011 351 1084 juro
365 1012 398 1068 iu
412 1013 541 1068 animam
553 1033 643 1068 meum
658 1011 732 1088 quaal
739 1012 821 1086 jura,
832 1010 996 1087 priuileyiu,
1009 1010 1158 1080 libertates,
1171 1011 1308 1068 immrmi·
1343 1056 1345 1059 .

160 1112 228 1161 tales
242 1113 273 1162 ct
293 1107 503 1164 consuetudines
524 1108 647 1183 ejusdem
673 1106 808 1163 Ecclesiae
821 1106 889 1179 juri
903 1113 1098 1163 consentaneus
1120 1107 1265 1163 observabo
1286 1114 1310 1161 el

155 1223 208 1278 pro
222 1203 330 1260 uiribus
342 1203 510 1280 defendam,¹
531 1204 572 1260 sic
584 1224 626 1259 me
637 1203 715 1259 Deus
727 1201 841 1276 adjuvet
851 1209 875 1257 el
885 1201 942 1258 boec
953 1210 1054 1258 sancto
1066 1199 1127 1258 Dei
1137 1199 1306 1276 *Evaaqelia

160 1299 263 1357 Amen.

200 1394 326 1479 Quibus
351 1396 398 1459 sic
422 1396 531 1471 factis,
548 1396 716 1459 Psalmum
739 1395 781 1456 Tc
804 1394 911 1457 Deum
936 1393 1118 1455 laudamus
1141 1414 1161 1455 a
1176 1391 1309 1456 domino

158 1496 294 1562 Decana
325 1500 401 1565 alta
430 1522 508 1564 voce
539 1500 709 1581 inceptum
741 1503 834 1562 totus
869 1499 990 1560 chorus
1021 1496 1231 1579 procedendo
1265 1498 1308 1560 ad

161 1601 304 1666 Oborum
331 1606 439 1690 ipsum
468 1604 639 1668 Psalmum
668 1602 865 1666 solemniter
891 1601 1152 1684 percantabunt,
1175 1601 1310 1664 domino

156 1709 416 1794 Archiepiscopo
430 1710 563 1773 interim
577 1708 782 1793 procedendo
796 1709 837 1771 ad
851 1728 1013 1770 summum
1025 1706 1133 1770 altare
1147 1705 1305 1769 Ecclesiae

158 1812 355 1896 supradictae
379 1821 413 1877 et
436 1814 559 1876 ibidem
586 1812 842 1898 genuflectando
867 1811 907 1875 ad
932 1810 1096 1893 quoddam
1123 1809 1304 1874 scabellum

159 1937 218 1999 pra
250 1917 324 2000 ipso
356 1919 536 1981 honorifice
568 1918 769 1991 ordinatum,
797 1917 952 1978 dominus
984 1915 1140 1978 Decanus
1169 1915 1310 1979 devotas

158 2024 327 2086 orationes
359 2045 433 2087 cum
465 2024 569 2086 certis
600 2020 776 2084 versiculis
812 2019 1030 2102 sequentibus
1062 2041 1165 2102 supra
1199 2019 1308 2103 ipsum
1398 2011 1400 2017 ι

161 2124 362 2189 decantabit.

200 2231 319 2288 Oramus
330 2253 384 2307 pro
394 2240 509 2307 pastore
522 2231 571 2287 dc.

122 2329 129 2347 '
200 2325 346 2383 Dominus
361 2336 498 2384 conseruet
513 2328 560 2383 du.

200 2422 289 2479 Mille
302 2423 329 2478 ei
343 2423 392 2480 alc.

202 2518 244 2575 El
261 2519 292 2576 de
307 2519 377 2577 Sion
391 2519 440 2576 alc.

201 2614 320 2671 Oramus
330 2636 385 2691 pra
399 2615 478 2671 oriani
491 2614 584 2689 oraclu
599 2614 647 2672 dc.

202 2709 362 2767 Sacerdotes
376 2711 424 2768 (bc.

202 2806 384 2882 Omnipotens
398 2807 485 2876 Deus,
500 2808 627 2864 amnium
636 2807 771 2883 fidelium
778 2818 879 2885 postor
892 2817 917 2867 et
931 2817 1021 2866 rector
1034 2808 1085 2867 dc.

132 2901 134 2904 ⁴
206 2902 322 2965 Oratio
340 2924 440 2987 super
456 2903 605 2986 pallium,
622 2904 725 2979 Deus,
742 2908 802 2985 qui
818 2909 921 2988 diune
939 2907 1001 2968 tibi
1016 2906 1233 2969 seruientium
1253 2906 1309 2986 bc.
1403 2898 1408 2905 ’

204 3007 331 3091 Quibus
359 3010 406 3072 sic
437 3008 546 3082 factis,
574 3008 733 3090 praefatus
765 3009 921 3072 dominus
951 3009 1234 3093 Arehiepiscopus
1266 3009 1307 3073 ad

161 3113 364 3175 vestibulum
388 3119 479 3176 retro
502 3112 610 3175 altare
633 3134 693 3194 pro
717 3112 789 3195 ipso
811 3114 1012 3188 ordinatum,
1029 3113 1135 3176 sacris
1159 3112 1311 3176 vestibus

161 3216 296 3279 indutus
318 3224 352 3279 et
378 3217 544 3292 mitratus,
565 3216 719 3279 baculum
745 3238 840 3279 suurn
864 3217 1069 3299 pastoralem
1092 3210 1133 3278 in
1153 3217 1309 3280 manibus

160 3322 230 3383 suis
247 3328 377 3396 tenens,
394 3320 588 3403 procedebit
604 3321 645 3384 ad
662 3341 828 3383 summum
845 3321 952 3384 altare
969 3325 1003 3384 et
1026 3320 1150 3401 ibidem
1167 3321 1307 3404 pallium

161 3444 256 3486 suum
282 3445 411 3489 sacrum
428 3424 579 3507 recipiet,
597 3424 707 3506 ibique
730 3425 982 3507 genuflectendo
1006 3424 1047 3489 ad
1065 3424 1245 3517 scabellum
1270 3436 1310 3490 ut

158 3532 261 3611 prius,
286 3529 440 3591 dominus
467 3528 622 3591 Decanus
648 3530 813 3612 quandam
841 3529 1027 3592 orationem
1051 3528 1206 3592 devotam
1233 3551 1305 3594 cum
1404 3548 1409 3558 ·

158 3631 324 3695 versiculo
355 3633 514 3714 ejusdem,
546 3639 584 3695 ut
618 3634 772 3716 superius
804 3634 1028 3709 memoratus*
1050 3653 1152 3717 supra
1180 3632 1306 3699 dictum

159 3735 326 3799 dominum
344 3737 639 3821 Archiepiscopum
656 3738 775 3800 devote
792 3737 1014 3820 percantabit.

202 3840 326 3923 Quibus
343 3841 539 3916 decantatis,
554 3841 713 3925 praefatus
729 3843 883 3905 dominus
899 3841 1180 3926 Archiepiscopus
1197 3841 1307 3928 eriget

160 3965 196 4006 se
213 3951 245 4008 et
268 3946 442 4008 benedicet
458 3945 614 4029 populum
631 3952 668 4009 ut
684 3953 737 4010 est
752 3946 863 4021 moris,
880 3951 914 4008 et
929 3944 1151 4009 incontinenti
1173 3945 1306 4032 incepto

160 4049 384 4134 Responsario
411 4051 524 4125 Petra
552 4072 649 4112 omos
680 4072 730 4114 me
761 4073 781 4114 a
812 4056 1008 4114 succentore
1039 4049 1241 4113 vicariorum
1272 4053 1306 4115 in

160 4155 260 4217 chora
289 4161 322 4218 et
357 4155 506 4217 oratione
531 4155 622 4216 Deus
650 4157 711 4237 qui
726 4154 863 4237 famulo
888 4163 944 4216 tuo
974 4155 1030 4234 bc.
1056 4174 1116 4238 per
1137 4152 1307 4220 Decanum

160 4263 306 4333 cantata,
324 4259 476 4340 sequitur
500 4257 697 4342 Antiphona
713 4259 889 4320 Firmetur
912 4277 987 4320 cum
1011 4257 1163 4321 oratione
1181 4259 1306 4337 Tuam,

160 4363 412 4514 clemelnltjssr'me
429 4364 546 4425 Pater.
