2940 4996
151 391 194 454 44
513 393 696 455 Ordinatio
712 394 946 456 Sacerdotum.

153 595 296 656 ordinum.
313 596 417 654 scilicet
437 596 611 673 acolptatum
630 596 726 653 eadem
745 596 792 653 die
811 596 880 654 dare
893 617 957 654 cunt
969 595 1153 654 subdiaconat
1175 639 1182 653 .
1224 596 1309 654 Nunc

154 711 217 748 uero
238 711 295 747 non
317 690 380 747 licet
405 711 454 748 nec
477 690 595 768 expedit,
619 691 688 766 quia
710 690 804 748 sancti
831 689 935 748 Patres
961 690 1102 768 quondam
1124 711 1181 768 pro
1208 710 1309 766 maana

156 785 291 842 elucebant
305 785 458 842 minimum
471 785 599 842 ordinum
612 786 741 867 recipere.
784 783 904 862 Lepitur
917 786 992 844 enim
1012 787 1046 844 de
1058 795 1153 844 sancto
1166 786 1307 858 Martino,

158 879 232 956 quod
251 901 314 937 cum
335 880 428 937 beatus
448 880 586 938 Hilarius
607 880 784 939 Pistorensis
807 883 949 959 episcopus
968 902 1032 939 eum
1051 882 1203 939 diaconum
1215 881 1311 958 facere

157 977 245 1048 vellet,
269 998 327 1034 non
350 976 494 1048 consensit,
518 998 546 1034 se
570 977 723 1053 indiqnum
746 985 823 1036 tanto
846 978 940 1055 yradu
962 985 1121 1056 reputaus;
1147 978 1312 1036 exorcistam

158 1092 186 1128 se
205 1071 276 1148 fieri
301 1072 350 1128 uia
376 1072 520 1130 consensit.
574 1069 656 1129 Unde
682 1071 848 1130 mirandum
874 1073 956 1130 ualde
982 1080 1008 1129 et
1033 1072 1124 1148 mauis
1152 1071 1311 1144 dolendum,

159 1166 294 1242 quomodo
310 1165 354 1224 bis
374 1166 471 1223 dicbus
485 1187 503 1223 a
523 1174 599 1224 statu
620 1165 721 1224 laicali
739 1165 820 1242 infra
839 1187 948 1225 annum
968 1168 1007 1224 ad
1025 1174 1129 1224 statum
1150 1166 1312 1224 ascenditur

154 1261 322 1339 presbyterii
333 1281 503 1338 supremum,
514 1280 578 1318 cum
591 1261 630 1318 ad
642 1261 737 1318 minus
746 1281 918 1338 perannum
931 1261 1071 1338 inteprum
1080 1261 1113 1318 in
1123 1260 1202 1318 omni
1215 1260 1313 1318 ordine

159 1367 280 1434 suscepto
290 1358 454 1416 ministrare
467 1359 581 1415 debcant
594 1365 619 1415 et
631 1380 659 1416 se
671 1378 800 1428 marcere,
812 1365 844 1415 ut
857 1357 941 1434 diyni
953 1366 978 1416 et
986 1358 1102 1435 probati
1115 1357 1154 1414 ad
1167 1357 1313 1435 superiora

161 1452 304 1510 ascendere
317 1461 485 1524 mereantur,
497 1473 559 1511 cum
573 1473 652 1510 nemo
665 1461 773 1530 repente
779 1454 838 1531 Jlat
851 1472 984 1510 summus.
1027 1450 1062 1510 Si
1070 1473 1133 1528 erpo
1144 1452 1313 1529 acolytatum

161 1555 186 1604 et
209 1547 441 1605 subdiaconatum
468 1546 564 1605 eadem
587 1548 634 1606 die
656 1548 777 1620 conferre
803 1569 860 1606 non
882 1547 953 1620 licet,
975 1568 1024 1605 nec
1047 1568 1066 1605 a
1088 1547 1176 1606 multo
1194 1546 1315 1624 fortiori

161 1641 393 1699 subdiaconatum
404 1650 429 1699 et
441 1641 632 1714 diaconatum,
640 1664 689 1701 nec
702 1642 884 1701 diaconatum
894 1635 1154 1721 et'presbpleratum,
1164 1644 1315 1702 secuudum

162 1741 270 1799 decreta
289 1743 424 1813 Patrum,
439 1741 508 1817 quia
527 1742 568 1800 sic
581 1742 705 1818 praviter
717 1748 802 1800 essent
822 1749 881 1798 tam
901 1741 1048 1799 ordinator
1067 1761 1154 1818 quam
1167 1741 1315 1801 matuatus

157 1837 311 1916 puniendi.

198 1932 327 2003 Quatuor
336 1930 503 2009 tenporibus
514 1952 585 2007 erqo,
597 1930 701 1989 scilieet
710 1932 822 1989 sabbato
833 1931 867 1990 in
876 1930 1050 1989 bebdomada
1063 1931 1148 1989 tertia
1158 1932 1318 2006 Adrastus,

163 2028 275 2085 sabbato
301 2027 335 2085 iu
360 2026 534 2084 bebdomada
552 2027 653 2105 prima
681 2025 920 2103 Quadrupesimoe,
949 2027 1060 2085 sabbato
1086 2027 1120 2085 in
1145 2027 1318 2087 bebdomwa

164 2123 341 2193 Pentecostes‚
356 2121 430 2198 quod
443 2130 480 2179 est
493 2122 597 2197 uipilia
613 2121 775 2193 Trinitatis,
790 2129 815 2179 et
828 2123 939 2180 sabbata
952 2122 1003 2179 illo
1016 2122 1050 2180 in
1065 2120 1229 2200 Septembri,
1246 2125 1320 2201 quod

165 2217 290 2294 sequitur
303 2225 414 2275 octavas
427 2216 599 2276 Natiuitatis
612 2217 695 2274 beatae
708 2215 743 2274 M
745 2217 824 2287 aria,
836 2225 902 2295 post
911 2214 1018 2294 festum
1033 2216 1142 2289 Crucis,
1154 2221 1323 2294 qeneraliter

163 2319 251 2387 potest
280 2312 423 2390 episcopus
452 2332 544 2370 sacros
578 2310 689 2369 ordines
719 2312 862 2371 celebrare.
919 2310 954 2370 Si
982 2333 1045 2369 uero
1074 2312 1119 2370 liis
1152 2314 1321 2392 temporibus

167 2408 318 2486 impeditus
332 2407 434 2481 fuerit,
456 2415 481 2465 et
501 2427 603 2465 arcesse
625 2405 671 2477 sit,
696 2407 729 2464 iu
749 2407 860 2465 sabbato
882 2415 945 2465 ante
966 2407 1140 2466 dominicam
1161 2408 1320 2482 Passionis,

167 2504 241 2580 quod
260 2503 368 2561 dieitur
388 2502 537 2572 sitientes,
560 2510 585 2559 et
606 2501 639 2559 in
661 2502 773 2559 sabbato
792 2510 896 2574 sancto,
920 2501 994 2579 quod
1013 2509 1051 2560 est
1071 2502 1176 2580 riqilia
1196 2504 1325 2580 Pascha,

166 2618 259 2657 sacros
268 2603 358 2676 potest
371 2596 483 2655 ordines
496 2595 660 2654 ministrare
674 2617 683 2654 :
703 2595 778 2654 alias
792 2602 884 2654 autem
898 2616 1054 2672 nunquam.
