2940 4996
193 411 242 488 ὅθ
586 414 961 484 Dediccticltccla'sira.

193 621 425 708 plicationibu's
447 621 582 698 nostris,
597 628 633 686 et
653 622 754 706 hujus
777 622 906 701 domus,
922 620 1018 705 cujus
1033 641 1071 686 es
1091 618 1260 698 fundator,
1281 623 1358 685 esto

192 730 378 811 protector;
402 725 495 789 nulla
510 725 564 789 hio
579 725 728 810 nequitia
743 724 915 790 contraria
929 724 1107 810 potestatis
1117 724 1278 801 obsistat,
1296 723 1359 788 se'd

196 828 320 892 virtute
345 828 488 912 Spiritus
514 828 627 893 Sancti
649 823 817 913 operante,
839 830 899 893 fiat
919 829 973 892 hic
992 827 1054 892 tibi
1082 847 1213 912 semper
1234 847 1358 911 purum

196 933 368 996 servitium
384 937 419 996 et
433 933 552 997 devota
567 932 717 996 libertas.
764 933 829 997 Per
843 933 982 997 eundem
996 931 1173 996 Dominum
1189 936 1357 996 nostrum:

236 1051 326 1109 Dicta
339 1051 473 1122 oratione,
487 1051 629 1130 percutiat
649 1051 791 1130 episcopus
811 1051 908 1110 baculo
928 1059 969 1110 ter
985 1050 1098 1122 ostium,
1114 1058 1140 1110 et
1154 1050 1235 1109 dicat
1251 1051 1356 1146 directe¹

194 1154 284 1205 totunt
297 1147 371 1204 tunc
384 1168 503 1217 uersum,
520 1145 626 1205 Tollite
640 1154 747 1225 portas.

235 1240 376 1299 Minister
388 1262 451 1299 acro
465 1241 576 1298 deintus
590 1240 761 1326 respondeat,
778 1239 850 1310 Quis
863 1248 907 1298 est
921 1239 976 1300 ista
989 1260 1044 1301 rex
1057 1239 1172 1321 gloria).

240 1338 444 1417 Episcopus,
459 1334 623 1399 Dominus
638 1335 736 1399 fortis
752 1339 786 1399 et
800 1339 931 1419 potens.

237 1439 299 1511 Quo
317 1440 400 1510 dicta,
415 1438 557 1516 episcopus
576 1436 700 1515 incipiat
713 1437 831 1495 secundo
844 1436 1015 1515 pradictum
1033 1437 1231 1516 antiphonam,
1247 1436 1353 1506 Tollite

196 1544 304 1614 portas
319 1542 459 1611 utsupra.
953 1541 955 1544 ’
1002 1539 1004 1544 ’

235 1629 276 1688 Et
290 1629 442 1686 circumeat
462 1649 526 1694 cunt
545 1626 606 1684 suis
626 1627 744 1695 secundo
763 1627 906 1686 ecclesiam
921 1627 1069 1706 psallendo
1088 1626 1259 1706 predictam
1279 1619 1355 1688 anti·

192 1724 320 1803 planant
330 1743 393 1780 curn
402 1744 451 1780 sna
463 1722 572 1800 psalmo
578 1744 590 1795 ,·
612 1721 774 1800 maioraque
783 1723 902 1782 secundo
915 1732 980 1782 ante
992 1724 1095 1782 ostium
1108 1723 1197 1795 dicat,

242 1819 392 1883 Oremus.

240 1923 427 1996 Diaconos,
443 1919 634 1984 Flectamus
649 1940 768 2005 genua.
813 1919 949 1985 Levate.

129 2106 134 2113 Ι
245 2025 375 2090 Oratio.
420 2022 636 2106 Omnipotens
649 2023 849 2106 sempiterne
860 2023 963 2100 Deus,
975 2023 1032 2108 qui
1043 2043 1104 2108 per
1113 2023 1237 2088 Filium
1248 2029 1353 2102 tuum,

198 2126 393 2212 angularem
417 2125 543 2189 scilicet
564 2124 717 2210 lapidem,
734 2126 818 2190 duos
840 2147 858 2190 e
878 2126 1011 2190 diverso
1032 2126 1214 2204 venientes,
1230 2148 1271 2191 ex
1294 2128 1355 2193 cir-‘

197 2229 397 2295 cumcisione
423 2233 456 2292 et
480 2229 639 2312 praeputio
663 2228 816 2312 parietes,
839 2229 986 2313 duosque
1013 2250 1132 2314 greges
1158 2230 1269 2294 ovium
1294 2231 1355 2295 sub

197 2356 263 2398 uuo
286 2333 463 2415 eodemque
486 2339 619 2416 pastore
641 2332 755 2407 unisti,
771 2332 814 2396 da
836 2333 932 2397 nobis
954 2332 1088 2396 famulis
1109 2334 1187 2410 tuis,
1203 2349 1264 2420 per
1286 2335 1355 2400 haec

197 2440 318 2499 nostrae
343 2434 528 2498 devotionis
554 2434 660 2498 officia
684 2434 911 2498 indissolubile
938 2435 1105 2499 vinculum
1131 2437 1294 2515 caritatis,
1317 2444 1357 2503 ut

197 2537 292 2601 nulla
316 2535 478 2600 divisione
504 2537 673 2612 mentium,
701 2535 859 2620 nullaque
889 2538 1118 2622 perversitatis
1144 2540 1309 2605 varietate
1335 2543 1357 2606 a

197 2642 262 2705 fide
278 2639 441 2704 catholica
457 2646 717 2723 sequestrentur,
733 2661 816 2723 quos
837 2642 898 2703 sub
914 2640 1012 2704 unius
1034 2641 1194 2726 regimine
1210 2644 1357 2727 pastoris

198 2742 276 2807 Filii
302 2743 353 2807 tui
380 2742 512 2806 Domini
537 2743 644 2806 nostri
670 2764 756 2805 unus
783 2764 866 2827 grex
889 2743 1046 2819 continet,
1068 2744 1231 2828 uniusque
1258 2745 1358 2810 ovilis

198 2849 293 2929 septa
314 2851 348 2909 te
364 2846 499 2909 custode
521 2846 555 2908 in
572 2845 776 2909 confessione
800 2845 928 2910 Sanctae
952 2846 1127 2911 Trinitatis
1143 2846 1357 2914 concludunt.

199 2948 264 3011 Per
278 2947 428 3011 eundem.
1102 2969 1104 2975 ·
1307 2952 1309 2956 ’

252 3065 344 3124 Dicta
367 3067 501 3138 aratione,
525 3066 667 3144 episcopus
690 3074 731 3124 ter
754 3066 850 3123 bacula
873 3087 924 3124 suo
951 3068 1062 3139 ostium,
1086 3077 1118 3126 ut
1139 3069 1235 3147 prius,
1258 3070 1359 3147 pulset,

199 3159 316 3218 dicendo
336 3160 438 3218 directe
458 3169 544 3218 toturn
564 3161 731 3237 praedictum
747 3182 864 3218 versum.
886 3161 993 3220 Tollite
1014 3172 1124 3240 portas,
1138 3164 1271 3222 ministro
1291 3186 1359 3244 qua·

200 3278 252 3334 que
265 3256 376 3314 deintus
389 3257 575 3334 respondente,
592 3256 663 3324 Quis
677 3265 720 3315 est
740 3258 797 3317 iste
811 3278 864 3316 rex
877 3257 988 3337 gloriae.
1195 3263 1198 3267 ’

243 3354 447 3434 Episcopus,
464 3351 624 3417 Dominus
640 3358 758 3437 potens
773 3353 808 3415 in
823 3353 947 3437 praelio.

242 3453 304 3525 Quo
325 3453 409 3523 dicto,
431 3453 572 3530 episcopus
593 3454 673 3511 tertia
695 3454 818 3531 incipiat
837 3455 1010 3532 praedictam
1029 3455 1232 3533 antiphonam,
1251 3456 1357 3523 Tollite

201 3561 320 3629 portas3
347 3555 373 3605 et
392 3547 544 3604 circumeat
562 3547 705 3606 ecclesiane
718 3549 808 3621 tertio,
820 3549 989 3626 proeduturn
996 3550 1142 3629 psalnmm
1156 3552 1283 3612 canmdo
1296 3571 1359 3612 cum

213 3644 382 3721 antiphona,
398 3641 559 3719 veniensque
571 3642 611 3700 ad
623 3643 725 3702 ostium
738 3644 824 3703 dicat.
1283 3667 1285 3672 ·

247 3741 397 3823 Oremus.

245 3843 435 3908 Flectamus
449 3861 568 3925 genua.
612 3838 749 3905 Levate.

250 3945 380 4010 Oratio.
426 3942 641 4026 Omnipotens
664 3947 699 4006 et
721 3942 909 4006 misericors
928 3941 1030 4021 Deus,
1051 3943 1109 4028 qui
1131 3943 1362 4013 sacerdotibus

202 4048 270 4114 tuis
285 4051 414 4110 tantam
437 4046 645 4127 praecaeteris
660 4046 802 4131 gratiam
819 4045 1001 4123 contulisti,
1018 4050 1056 4111 ut
1080 4046 1236 4131 quicquid
1252 4049 1287 4112 in
1303 4055 1362 4117 tuo

203 4150 335 4215 nomine
358 4148 521 4233 digneque
538 4149 747 4233 perfecteque
770 4148 891 4233 agitur,
909 4170 929 4212 a
949 4154 983 4213 te
1005 4149 1077 4214 fieri
1093 4150 1258 4227 credatur,
1275 4174 1363 4236 quae-

203 4272 318 4318 sumus
340 4251 534 4313 immensam
551 4249 760 4315 clementiam
784 4257 886 4326 tuam,
903 4256 941 4315 ut
957 4251 1111 4335 quicquid
1133 4251 1230 4317 modo
1246 4254 1362 4320 visita·

203 4356 271 4424 turi
300 4373 426 4429 sumus,
452 4353 578 4432 visites,
605 4352 761 4439 quicquid
789 4354 1006 4432 benedicturi,
1035 4354 1223 4434 benedicas.
1249 4357 1360 4444 sitque
