2940 4996
154 388 217 450 186
472 391 731 453 Benedictioaes
747 386 985 467 Episcopoles.

192 593 312 670 Infesta
326 594 356 653 S.
378 592 542 652 Trinitatis.

195 791 414 877 Omnipotens
438 793 600 869 Trinitas,
615 814 702 856 unus
725 797 759 857 et
781 812 882 856 verus
906 790 1009 866 Deus,
1025 790 1128 856 Pater
1144 792 1180 852 et
1202 785 1312 850 Filius

154 901 189 958 et
205 895 351 980 Spiritus
368 896 523 972 Sanctus,
538 895 596 959 det
611 896 706 961 vobis
722 916 799 959 eum
814 895 1006 960 desiderare
1021 893 1175 966 feliciter,
1193 908 1314 974 agnos-

151 1019 227 1061 cere
243 999 420 1074 veraciter,
437 998 578 1083 diligere
595 999 782 1063 sinceriter.
826 999 945 1062 Amen.

198 1102 443 1184 AEqualitatem
467 1109 568 1185 atque
594 1101 965 1166 incommutabilitatem
994 1119 1062 1163 suae
1085 1096 1241 1164 essentiae
1269 1093 1316 1156 ita

156 1205 279 1267 vestris
295 1205 464 1268 mentibus
479 1205 608 1289 infigat,
624 1211 664 1268 ut
678 1206 720 1268 ab
737 1225 775 1268 eo
799 1223 968 1286 nunquam
985 1224 1045 1267 vos
1061 1202 1315 1285 quibuscunque

156 1307 346 1389 phantasiis
362 1309 520 1371 aberrare
537 1308 721 1391 permittat.
765 1307 883 1370 Amen.

202 1410 322 1493 Sicque
338 1431 398 1474 vos
414 1411 448 1471 in
473 1432 534 1475 sua
549 1412 614 1474 fide
631 1416 666 1474 et
689 1409 831 1474 caritate
846 1429 1065 1494 perseverare
1089 1404 1264 1479 concedat,
1281 1407 1317 1464 ut

160 1534 219 1598 per
242 1534 283 1576 ea
305 1514 517 1596 postmodum
541 1515 583 1578 ad
610 1514 663 1578 sui
685 1512 991 1577 manifestationem
1015 1512 1245 1594 visionemque
1269 1508 1316 1569 in-

160 1616 406 1680 terminabilem
423 1617 626 1682 introducat.
671 1619 790 1680 Amen.

205 1718 297 1802 Quod
314 1719 396 1803 ipse.

202 1921 244 1980 Io
249 1922 407 1998 festivitate
423 1923 557 2001 Corporis
573 1924 691 1985 Christi.

209 2142 391 2206 Benedicat
407 2162 467 2205 vos
490 2141 583 2205 Deus
599 2142 654 2226 qui
671 2163 731 2227 per
753 2141 929 2227 Unigeniti
946 2141 998 2205 sui
1021 2141 1212 2226 passionem
1228 2144 1324 2202 vetus

165 2246 291 2328 pascha
305 2247 340 2308 in
356 2266 477 2308 novum
494 2245 600 2310 voluit
615 2247 775 2322 converti,
792 2246 1017 2329 concedatque
1040 2244 1135 2309 vobis
1151 2244 1210 2327 qui
1226 2244 1327 2326 hujus

165 2349 232 2413 diei
244 2350 407 2414 celebrem
419 2349 553 2412 habetis
565 2349 770 2427 memoriam,
781 2354 820 2414 ut
832 2354 1019 2435 expurgato
1032 2349 1157 2413 veteris
1168 2346 1326 2410 fermenti

168 2454 334 2538 contagio,
350 2475 438 2516 nova
453 2453 487 2514 in
504 2453 599 2516 vobis
615 2460 809 2538 perseveret
825 2453 1107 2518 commemoratio.
1152 2455 1272 2516 Amen.

211 2560 254 2621 Et
269 2557 326 2641 qui
342 2556 384 2620 ad
400 2556 632 2620 celebrandam
654 2557 802 2640 corporis
819 2563 853 2621 et
868 2557 1043 2641 sanguinis
1065 2554 1201 2620 Domini
1216 2556 1323 2620 nostri

167 2658 250 2722 Jesu
272 2658 398 2722 Christi
424 2658 685 2722 sollemnitatem
708 2659 868 2722 hodierna
891 2658 944 2721 die
971 2664 1083 2722 mente
1104 2659 1226 2722 devota
1251 2679 1326 2721 con-

168 2762 319 2838 venistis,
359 2767 558 2826 aeternarum
595 2762 731 2846 dapium
769 2762 941 2825 vobiscum
979 2761 1098 2847 epulas
1135 2763 1327 2846 reportetis.

170 2868 286 2928 Amen.

215 2969 343 3052 Quique
368 2990 454 3045 eum,
479 2968 536 3051 qui
560 2967 657 3052 panis
688 2973 741 3031 est
770 2967 977 3052 angelorum,
1005 2967 1114 3032 cibum
1144 2966 1227 3033 fecit
1256 2988 1330 3032 esse

173 3070 317 3132 fidelium
335 3070 614 3146 Christianorum,
626 3070 698 3153 ipse
714 3090 774 3133 vos
789 3070 824 3132 in
839 3070 996 3153 praesenti
1012 3070 1131 3134 saeculo
1147 3071 1329 3156 degustare

172 3173 275 3236 faciat
301 3178 501 3236 aeternorum
528 3172 735 3236 dulcedinem
762 3164 970 3256 gaudiorum,
996 3177 1031 3237 et
1056 3173 1090 3234 in
1115 3173 1233 3238 futuro
1255 3195 1329 3259 per·

173 3278 274 3341 ducat
289 3276 331 3340 ad
347 3277 542 3341 societatem
559 3276 741 3340 coelestium
758 3276 977 3361 praemiorum.
1021 3279 1138 3349 Amen.

212 3481 255 3540 Ia
268 3482 315 3539 die
331 3480 361 3540 S.
377 3480 522 3539 Jolraaais
537 3479 688 3558 Baptistae.

218 3679 399 3743 Benedicat
425 3700 484 3742 vos
511 3679 720 3762 omnipotens
745 3680 837 3744 Deus
861 3681 951 3745 beati
977 3679 1142 3747 Johannis
1169 3684 1331 3769 Baptistae

174 3784 425 3862 intercessione,
452 3783 548 3867 cujus
578 3784 676 3847 hodie
706 3784 862 3850 natalitia
892 3784 1080 3862 celebratis,
1107 3789 1334 3872 concedatque

176 3897 214 3952 ut
230 3887 325 3969 cujus
341 3886 516 3951 sollemnia
530 3885 641 3951 colitis
657 3889 843 3970 patrocinia
859 3888 1023 3953 sentiatis.
1068 3890 1185 3953 Amen.

218 3991 315 4053 Illius
331 3992 469 4054 obtentu
486 3990 528 4052 ab
545 3991 698 4054 omnibus
716 3992 867 4056 adversis
879 3992 1051 4069 tueamini,
1068 3997 1104 4057 et
1118 3993 1215 4057 bonis
1232 3997 1330 4059 omni·

177 4094 240 4156 bus
263 4092 489 4174 perfruamini,
514 4093 569 4176 qui
593 4094 772 4157 adventum
795 4095 1029 4180 Redemptoris
1055 4096 1170 4159 mundi
1192 4099 1331 4161 necdum

179 4203 278 4262 natus
300 4198 465 4280 cognovit,
482 4198 601 4260 matris
625 4199 839 4263 sterilitatem
864 4201 1030 4266 nascendo
1053 4202 1204 4279 abstulit,
1228 4205 1332 4287 patris

178 4299 327 4385 linguam
344 4306 442 4363 natus
459 4299 613 4364 absolvit.
661 4307 776 4366 Amen.
