2940 4996
354 401 554 465 Benedictio
569 401 676 478 Solia,
693 405 813 486 Aquis,
834 403 967 468 Uinaria
983 413 1015 468 et
1038 404 1128 467 Vini.
1257 404 1319 466 195

200 605 427 670 Ecorciamua
443 628 553 690 aqaoe.

201 707 364 773 Exorcizo
379 715 424 786 te,
441 717 597 775 creatura
619 732 721 795 aquea,
738 712 773 774 in
788 713 922 776 nomine
945 713 1008 777 Dei
1032 713 1144 777 Patris
1157 712 1198 791 ›1‹
1215 712 1318 774 omni·

160 812 315 893 potentis,
328 816 363 876 et
377 813 411 875 in
424 815 556 877 nomine
570 815 653 878 Jesu
670 813 794 879 Christi
810 816 890 880 Filii
900 824 941 903 »ις
955 818 1038 898 ejus,
1052 815 1185 880 Domini
1198 817 1317 890 nostri,

159 915 236 978 etin
246 916 372 979 virtute
385 916 532 1001 Spiritus
540 919 579 999 ›1‹
591 918 714 995 Sancti,
725 928 763 982 ut
773 919 880 983 omnis
890 921 999 983 virtus
1009 917 1318 994 adversarii‚omnis

161 1018 305 1083 incursio
317 1019 451 1097 diaboli,
461 1041 558 1084 omne
570 1022 781 1104 phantasma,
793 1043 973 1105 omnesque
986 1022 1111 1085 inimici
1121 1026 1320 1107 potestates,

160 1123 371 1187 eradicentur
408 1128 443 1188 et
480 1125 673 1208 effugentur
704 1126 747 1188 ab
784 1126 847 1189 hac
885 1131 1039 1190 creatura
1073 1145 1176 1207 aquae.
1221 1123 1317 1187 Unde

160 1226 311 1290 exorcizo
326 1231 372 1302 te,
388 1232 544 1292 creatura
558 1249 661 1310 aquae,
678 1249 738 1313 per
752 1227 859 1291 Deum
874 1229 915 1308 ›1‹
931 1229 1057 1304 vivum,
1072 1248 1133 1313 per
1155 1226 1262 1290 Deum
1276 1223 1317 1304 »Β

161 1351 285 1408 verum,
311 1353 372 1416 per
401 1332 510 1396 Deum
538 1333 579 1412 ›1‹
611 1338 774 1409 sanctum,
801 1339 836 1399 et
866 1354 926 1418 per
955 1333 1136 1397 Dominum
1167 1337 1318 1394 nostrum

159 1433 275 1496 Jesum
299 1433 481 1511 Christum,
496 1439 535 1499 ut
557 1435 712 1499 efficiaris
727 1456 816 1519 aqua
839 1442 966 1512 sancta,
982 1456 1070 1520 aqua
1091 1432 1317 1514 beueffldicta,

160 1543 197 1600 ut
219 1537 419 1621 ubicumque
443 1540 550 1604 effusa
564 1539 670 1603 fueris
692 1539 745 1602 vel
770 1560 918 1624 aspersa,
936 1540 1056 1604 sivein
1078 1539 1175 1602 domo
1198 1536 1318 1601 sivein

159 1661 251 1725 agro,
284 1642 414 1726 effuges
451 1662 581 1706 omnem
615 1643 841 1726 phantasiam,
875 1647 909 1706 et
946 1663 1078 1707 omnem
1111 1645 1316 1726 potestatem

158 1743 294 1820 inimici,
310 1742 475 1827 quatenus
491 1749 727 1830 conseo1<rata
742 1766 831 1828 aqua
847 1751 965 1810 sancta
984 1745 1142 1829 proficias
1162 1744 1205 1809 ad
1226 1743 1318 1808 dedi-¹

159 1846 323 1924 catiouem
340 1847 441 1930 hujus
464 1847 611 1912 ecclesiae
625 1852 662 1912 et
684 1848 814 1924 altaris,
828 1849 923 1932 (oet)
938 1848 1129 1924 coemeterii,
1145 1860 1185 1912 ut
1207 1853 1316 1932 perte

157 1957 193 2012 et
217 1950 479 2016 benedictionem
503 1951 660 2028 divinam,
676 1951 861 2016 auxiliante
881 1951 1035 2029 Domino,
1050 1953 1123 2015 sive
1145 1973 1207 2036 per
1222 1973 1260 2017 os
1282 1955 1319 2016 et

157 2072 217 2136 per
231 2073 349 2117 manus
365 2060 466 2138 atque
483 2055 626 2119 officium
641 2060 804 2130 nostrum,
820 2055 888 2118 haec
904 2055 1022 2118 domus
1038 2060 1073 2118 et
1088 2053 1208 2130 altare,
1222 2054 1317 2138 (vel)

158 2156 393 2233 coemeterium,
408 2156 595 2236 Deinostri
618 2157 780 2221 divinitus
794 2178 856 2242 per
869 2158 1016 2242 gratiam
1038 2156 1185 2241 Spiritus
1202 2157 1316 2221 Sancti

157 2269 408 2336 consecrentur,
425 2264 459 2324 et
480 2259 724 2344 perpetualiter
740 2260 781 2324 ad
804 2260 1025 2323 invocandum
1040 2280 1161 2322 nomen
1183 2257 1318 2322 Domini

158 2369 354 2426 consecrata
375 2370 603 2447 permaneant,
620 2367 655 2427 et
681 2363 826 2447 Spiritus
850 2362 993 2427 Sanctus
1016 2362 1148 2427 habitet
1169 2363 1203 2426 in
1219 2361 1316 2426 domo

158 2464 231 2540 hac,
248 2472 283 2529 et
304 2464 416 2541 altari,
438 2466 532 2550 (uel)
554 2467 751 2541 coemeterio,
769 2486 828 2549 per
851 2487 925 2528 eum
949 2466 1005 2550 qui
1028 2471 1191 2529 venturus
1206 2469 1260 2530 est
1281 2465 1314 2528 in

161 2569 288 2653 Spiritu
321 2570 442 2633 Sancto
469 2569 621 2652 judicare
649 2570 744 2632 vivos
774 2576 808 2633 ot
835 2576 985 2633 mortuos
1012 2574 1046 2633 et
1074 2568 1230 2633 saeculum
1257 2590 1317 2656 per

159 2673 281 2757 ignem.

203 2776 355 2838 Oremus.

202 2877 305 2954 Deus,
332 2879 388 2962 qui
419 2878 460 2942 ad
492 2876 635 2941 salutem
666 2877 805 2941 humani
834 2879 979 2961 generis,
1007 2879 1153 2942 maxima
1180 2899 1317 2962 quaeque

160 2991 371 3048 sacramenta
387 2983 420 3044 in
437 3002 599 3066 aquarum
613 2982 805 3046 substantia
818 2982 1007 3059 condidisti,
1021 2984 1137 3048 adesto
1153 2984 1321 3068 propitius

160 3088 429 3153 invocationibus
457 3087 594 3164 uostris,
618 3092 653 3150 et
678 3087 844 3150 elemento
871 3087 949 3150 huic
975 3085 1182 3151 multimodis
1207 3089 1321 3173 purifi-

160 3193 349 3258 cationibus
372 3196 570 3277 praeparato,
587 3191 747 3254 virtutem
769 3195 835 3253 tuae
850 3189 1092 3253 benedictionis
1113 3190 1262 3267 infunde,
1279 3199 1318 3256 ut

162 3302 317 3359 creatura
332 3301 392 3357 tua
406 3291 577 3375 mysteriis
598 3291 667 3354 tuis
691 3289 850 3367 serviens,
867 3290 908 3353 ad
932 3289 1139 3374 abjiciendos
1153 3290 1319 3354 daemones

160 3399 358 3480 morbosque
381 3394 556 3480 pellendos
578 3395 696 3459 divinae
719 3394 836 3478 gratia
853 3398 965 3457 sumat
986 3394 1152 3469 effectum,
1167 3396 1206 3457 ut
1228 3394 1319 3476 quic·

162 3505 240 3587 quid
263 3504 298 3566 in
320 3501 474 3565 domibus
496 3498 551 3563 vel
574 3499 608 3563 in
632 3497 714 3562 locis
734 3497 882 3560 fidelium
907 3497 975 3559 haec
998 3496 1087 3561 unda
1107 3498 1320 3583 resperserit,

163 3613 277 3672 careat
293 3606 382 3670 omni
406 3603 628 3679 immunditia,
645 3601 807 3665 liberetur
822 3623 842 3664 a
862 3621 971 3663 noxa:
995 3620 1062 3663 non
1084 3599 1154 3664 illic
1173 3601 1323 3668 resideat
1399 3642 1403 3650 ·

162 3712 301 3796 spiritus
332 3707 505 3793 pestilens,
532 3726 597 3769 non
629 3726 713 3769 aura
743 3724 970 3787 corrumpens,
1001 3703 1176 3768 discedant
1205 3725 1321 3771 omnes

162 3817 290 3880 insidia
313 3814 454 3879 latentis
476 3811 614 3887 inimici,
631 3816 665 3874 et
691 3810 718 3873 si
743 3809 892 3893 quidest
914 3808 1001 3892 quod
1018 3814 1078 3871 aut
1100 3808 1324 3875 incolumitati

160 3921 386 3985 habitantium
399 3917 528 3980 invidet
537 3921 596 3981 aut
608 3916 723 3999 quieti,
736 3914 930 3997 aspersione
942 3913 1044 3997 hujus
1056 3934 1149 3996 aquae
1161 3913 1319 4000 effugiat;

161 4033 198 4091 ut
214 4023 398 4089 salubritas
415 4043 475 4107 per
490 4021 734 4085 invocationem
750 4018 800 4082 tui
816 4017 962 4081 nominis
984 4017 1144 4101 expetita,
1160 4017 1203 4082 ab
1218 4021 1323 4084 omni-

159 4135 220 4194 bus
249 4129 294 4192 sit
320 4125 632 4211 impugnationibus
656 4124 803 4189 defensa.
849 4122 913 4184 Per
939 4119 1110 4184 Christum
1138 4119 1316 4186 Dominum

161 4241 321 4298 nostrum.
369 4236 488 4293 Amen.

243 4337 304 4400 24*
