2940 4996
512 429 770 492 Benedictiones
786 427 948 491 Diversa.

362 805 715 872 REOONOILIATIO
739 806 1099 872 HAERETIOORUM.

202 991 342 1057 Domine
355 994 447 1058 Deus
464 998 683 1080 omnipotens,
695 999 797 1061 Pater
809 997 940 1060 Domini
955 997 1061 1060 nostri
1077 997 1098 1061 J
1101 1018 1159 1060 esu
1177 998 1314 1074 Christi,

155 1099 213 1177 qui
226 1097 385 1180 dignatus
401 1120 437 1162 es
454 1100 541 1164 hunc
556 1096 723 1164 famulum
734 1107 828 1165 tuum
842 1100 894 1163 ill.
910 1102 953 1164 ab
970 1122 1084 1164 errore
1098 1107 1133 1164 et
1142 1101 1314 1165 mendacio

156 1200 317 1263 haereticae
344 1204 525 1284 pravitatis
552 1225 680 1278 eruere,
707 1209 741 1267 et
768 1203 809 1267 ad
837 1204 1011 1268 ecclesiam
1038 1209 1132 1267 tuam
1161 1211 1313 1270 sanctam

158 1302 365 1368 Catholicam
383 1327 439 1369 eos
460 1309 659 1390 perducere3
684 1313 730 1384 tu,
748 1307 899 1383 Domine,
918 1307 1078 1392 Spiritum
1102 1313 1196 1370 tuum
1214 1310 1315 1373 Paro·

155 1406 271 1468 clitum
293 1407 327 1470 in
355 1431 429 1472 eum
457 1411 611 1473 emittere
634 1410 785 1493 dignare,
810 1410 970 1493 Spiritum
1000 1411 1174 1494 sapientiae
1202 1419 1237 1475 et
1264 1413 1315 1474 in-

155 1509 324 1586 tellectus,
350 1513 512 1596 Spiritum
536 1514 666 1577 consilii
693 1521 728 1578 et
752 1515 898 1590 virtutis,
924 1515 1085 1597 Spiritum
1112 1516 1257 1579 scientiae
1282 1521 1316 1580 et

156 1615 313 1696 pietatis3
338 1623 373 1679 et
396 1617 540 1700 adimple
564 1639 650 1693 eum,
667 1618 819 1693 Domine,
837 1618 965 1701 Spiritu
986 1618 1118 1682 timoris
1141 1620 1202 1694 tui,
1220 1625 1257 1683 ut
1279 1621 1314 1682 in

157 1719 289 1781 nomine
308 1719 442 1784 Domini
463 1723 570 1785 nostri
592 1722 675 1785 Jesu
700 1721 824 1787 Christi
853 1723 948 1807 signo
972 1723 1079 1786 crucis
1106 1723 1259 1807 signetur
1283 1724 1317 1786 in

157 1821 261 1885 vitum
300 1829 466 1888 aeternam.
527 1825 592 1887 Per
626 1825 765 1886 eundem
799 1825 977 1888 Dominum
1013 1830 1165 1889 nostrum
1199 1825 1315 1889 Jesum

159 1923 329 1988 Christum
346 1927 468 1989 Filium
485 1933 590 2004 tuum,
606 1928 663 2011 qui
687 1929 768 1993 vivit
784 1935 818 1993 et
841 1935 963 2012 regnat
979 1927 1071 1992 Deus
1089 1949 1230 2013 semper,
1247 1951 1313 1997 una

158 2049 231 2090 cum
249 2029 375 2112 Spiritu
393 2031 524 2094 Sancto,
569 2033 634 2095 Per
649 2033 760 2094 omnia
777 2032 896 2094 saecula
914 2030 1143 2093 saeculorum*

203 2132 322 2217 Signat
344 2141 377 2198 te
401 2133 562 2197 Dominus
579 2135 674 2218 signo
699 2134 807 2197 crucis
824 2135 857 2196 in
874 2134 976 2197 vitam
1001 2140 1159 2198 aeternam
1182 2134 1215 2196 in
1240 2157 1315 2197 con-

159 2236 381 2320 signationem
400 2238 487 2300 fidei.
534 2239 650 2300 Amen.

203 2344 274 2406 Pax
290 2349 410 2406 tecum.

203 2448 336 2510 Etcum
354 2447 477 2530 spiritu
495 2452 561 2510 tuo.

160 2653 326 2718 ORATIO
344 2652 486 2717 SUPER
498 2652 580 2716 EOS
596 2652 675 2736 QUI
692 2651 988 2716 MORTIOINUM
1005 2598 1311 2718 DOMEDERINT.

201 2843 305 2919 Deus,
330 2843 388 2925 qui
417 2843 586 2906 hominem
616 2842 657 2906 ad
689 2843 867 2927 imaginem
892 2849 986 2907 tuam
1017 2843 1186 2908 conditum
1217 2843 1251 2907 in
1282 2842 1316 2906 id

159 2969 296 3032 reparas
313 2948 400 3031 quod
416 2946 549 3021 creasti,
562 2945 690 3028 respice
706 2945 872 3030 propitius
889 2967 988 3031 super
1004 2947 1065 3010 hos
1080 2947 1225 3010 famulos
1240 2951 1318 3010 tuos

158 3055 211 3117 ill.
238 3061 271 3116 et
301 3052 457 3136 quicquid
484 3071 598 3113 eorum
624 3050 816 3134 ignorantia
842 3072 880 3113 ao
911 3052 1112 3114 necessitate
1140 3050 1256 3114 hostili
1282 3056 1316 3116 et

159 3157 326 3221 diabolica
348 3155 465 3218 fraude
489 3155 684 3237 subreptum
708 3158 771 3228 est,
787 3152 997 3237 indulgentia
1019 3160 1084 3216 tuae
1107 3153 1244 3235 pietatis
1266 3154 1317 3239 ig-

159 3268 277 3325 noscat
301 3266 335 3324 et
357 3259 521 3334 absolvat,
539 3261 577 3321 ut
599 3256 765 3320 altoribus
790 3257 903 3321 sacris·
916 3261 1053 3340 recepta
1074 3257 1228 3321 veritatis
1251 3262 1317 3322 tuse

158 3365 388 3430 communione
405 3363 575 3425 reddatur.
620 3361 694 3423 Per.

158 3592 175 3624 *
194 3590 260 3642 This
278 3604 376 3659 prayer
394 3587 417 3639 is
436 3585 520 3638 found
540 3585 569 3636 in
591 3584 637 3637 the
656 3582 784 3637 Gelonion
805 3583 1013 3651 Sacramentnry
1033 3579 1192 3650 (Murotori
1212 3581 1229 3635 i.
1250 3581 1315 3650 607)

159 3679 225 3732 with
240 3678 286 3730 the
300 3676 370 3739 title,
386 3674 571 3727 “Benedictio
584 3689 664 3742 super
682 3672 785 3740 eosqui
800 3672 834 3724 de
854 3671 961 3723 Arione
973 3669 1005 3722 ad
1019 3668 1189 3722 catholicam
1203 3668 1318 3722 redeunt

159 3768 323 3822 unitatem.¹¹
360 3766 413 3819 For
426 3766 473 3819 tho
493 3769 508 3794 “
521 3763 657 3818 haereticae
676 3762 846 3833 pravitatis”
866 3760 896 3814 of
913 3759 958 3813 the
973 3765 1039 3827 text,
1053 3760 1075 3811 it
1095 3757 1144 3811 hes
1157 3757 1316 3812 “haereseos

159 3856 298 3910 Arianae.''
