2940 4996
525 408 732 471 Ordinatioa
749 408 855 469 Lista.
1197 398 1261 463 363

160 574 281 640 Frater
299 538 383 642 lldilo
400 581 521 645 Mason

160 662 281 727 Frater
297 667 443 730 Thomas
460 668 587 732 Sarner
656 586 808 835 }domus
818 667 975 730 Fratrum
986 663 1155 726 Minorum
1166 661 1264 724 Ebor.

161 750 279 814 Frater
291 753 484 818 Willelmus
501 756 649 818 Huntter

161 853 282 917 Frater
296 855 462 922 Robertus
479 859 642 922 Redshaw
849 855 999 920 canonici
1015 852 1211 917 monasterii
1226 850 1267 915 da

161 940 282 1004 Frater
296 943 464 1008 Henriaus
480 945 613 1009 Olaiton
822 875 1012 1098 =Egleston

160 1027 282 1092 Frater
297 1029 318 1092 J
320 1033 469 1095 ohannes
485 1033 690 1096 Riahmonde

160 1132 181 1195 J
183 1134 330 1199 ohannes
347 1136 539 1222 Thompson
552 1138 593 1202 ad
606 1137 744 1202 titulum
760 1137 931 1222 prioratus
948 1134 1078 1199 Sanctae
1091 1129 1270 1195 Trinitatis

1164 1234 1264 1297 Ebor.

161 1340 327 1405 Robertus
343 1343 455 1407 Walle
471 1344 513 1407 ad
530 1344 665 1408 titulum
683 1345 802 1408 domus
817 1342 1012 1415 monialium
1028 1343 1069 1404 de
1084 1337 1215 1404 Marrik

159 1444 331 1509 «lohannes
354 1448 560 1512 Huohenson
582 1447 737 1512 Dunelm.
760 1449 932 1512 dioceseos
954 1446 996 1510 ad
1020 1443 1156 1509 titulum
1180 1443 1265 1526 prio·

578 1558 673 1616 ratus
698 1554 738 1616 da
762 1551 1042 1616 Hextildeshame
1065 1569 1125 1633 per
1149 1547 1267 1611 literas

577 1656 788 1719 dimissorias

162 1753 355 1819 Willelmus
382 1757 604 1824 Waikeffelda
632 1760 674 1822 ad
698 1758 835 1824 titulum
862 1759 1033 1844 prioratus
1061 1755 1093 1819 S.
1120 1751 1268 1818 Oswaldi

1039 1860 1079 1923 19
1094 1856 1269 1922 Nostelles

163 1950 357 2027 Willelmus
373 1963 547 2029 Oubbarde
563 1967 605 2030 ad
622 1967 757 2031 titulum
773 1968 943 2051 prioratus
959 1966 999 2029 19
1015 1964 1226 2046 Wirkesope.

162 2067 306 2132 Thomas
323 2070 451 2133 Bennet
467 2068 622 2133 Dunelm.
639 2071 722 2134 dioc.
739 2071 782 2135 ad
793 2070 929 2135 titulum
946 2070 1063 2133 domus
1074 2064 1268 2129 monialium

448 2173 534 2236 villae
560 2173 650 2236 Novi
671 2173 782 2238 Oastri
801 2194 902 2258 super
925 2173 1051 2255 Tynam
1067 2190 1126 2255 per
1148 2167 1267 2231 literas

443 2277 651 2341 dimissorias

161 2377 353 2443 Willelmus
382 2380 498 2465 Smyth
523 2383 564 2445 ad
589 2382 724 2447 titulum
748 2383 866 2445 dom'us
889 2381 1082 2446 monialium
1110 2380 1150 2442 de
1174 2377 1267 2440 Non·

1086 2483 1266 2546 monketon

164 2586 356 2651 Willelmus
373 2589 519 2652 Screvan
536 2590 577 2653 ad
594 2590 731 2655 titulum
747 2590 942 2654 monasterii
960 2590 1000 2653 de
1016 2588 1210 2652 Thorneton

160 2692 181 2755 J
184 2694 332 2758 ohannes
349 2695 476 2759 Milner
491 2696 532 2759 ad
549 2696 683 2759 titulum
701 2696 895 2760 monasterii
913 2695 952 2757 da
968 2694 1127 2757 Rufforda

161 2796 183 2860 J
185 2799 334 2861 ohannes
351 2799 494 2884 Almayn
511 2801 552 2864 ad
568 2801 705 2864 titulum
722 2801 892 2884 prioratus
908 2800 948 2863 de
964 2798 1075 2862 North
1093 2797 1230 2880 Ferriby

159 2900 351 2965 Alexander
367 2903 531 2968 Tailliour
546 2905 588 2968 ad
604 2904 742 2968 titulum
758 2904 929 2989 prioratus
945 2903 985 2965 de
1001 2903 1215 2985 Thurgarton

158 3006 303 3070 Thomas
320 3007 442 3072 Foster
457 3009 499 3073 91
516 3009 652 3073 titulum
668 3009 864 3071 monasterii
882 3009 922 3072 de
937 3005 1090 3070 Jorevall

160 3110 307 3174 Thomas
324 3112 465 3178 Bulloke
483 3114 524 3176 ad
541 3113 678 3177 titulum
697 3112 891 3175 monialium
907 3112 948 3174 de
965 3109 1222 3192 Clementhorpe

160 3214 324 3278 Ricardus
341 3215 477 3280 Derluff
489 3218 531 3280 ad
548 3215 686 3280 titulum
703 3217 873 3300 prioratus
889 3215 928 3278 de
945 3212 1168 3297 Helaghpark

161 3317 330 3381 Robertus
346 3320 497 3382 Johnson
514 3320 556 3383 ad
572 3319 708 3384 titulum
725 3318 922 3382 monasterii
937 3319 977 3381 de
994 3317 1116 3403 Heppa

161 3422 183 3486 J
185 3424 308 3486 aoobus
323 3423 454 3486 Waitte
472 3424 513 3488 91
530 3425 666 3488 titulum
682 3426 801 3488 domus
817 3424 1010 3488 monialium
1026 3424 1066 3488 de
1082 3423 1211 3488 Marrik

163 3526 330 3590 Robertus
347 3527 507 3591 Webster
522 3528 564 3591 ad
581 3528 716 3592 titulum
733 3529 851 3592 domus
872 3528 1066 3593 monialium
1082 3527 1122 3591 da
1138 3526 1270 3611 Molsby

164 3630 368 3694 Laurentius
384 3631 467 3694 Hall
484 3633 525 3695 ad
542 3632 678 3696 titulum
695 3632 868 3717 prioratus
884 3633 924 3696 de
937 3633 1075 3696 Marton

165 3735 311 3798 Thomas
327 3735 490 3820 Bradeley
507 3736 549 3800 ad
566 3736 701 3800 titulum
718 3737 913 3802 monasterii
929 3737 970 3800 de
985 3735 1155 3821 Whalley.

623 3927 778 3990 Diaoom‘.

166 4028 287 4090 Frater
302 4027 486 4090 Edwardus
504 4029 611 4112 Spark
721 4029 871 4094 canonici
888 4030 1061 4115 prioratus
1075 4030 1115 4093 de
1130 4029 1272 4094 Watton

166 4115 285 4177 Frater
300 4115 467 4177 Robertus
482 4116 606 4179 Jaoson
687 4033 705 4201 l

166 4305 287 4368 Frater
300 4305 320 4368 J
324 4306 473 4369 ohannes
491 4305 601 4369 Oooke
732 4309 948 4371 observantia
970 4313 1167 4391 nuncupata
1185 4307 1270 4373 villu

731 4395 821 4459 Novi
839 4393 949 4460 Castri
967 4415 1068 4481 super
1083 4395 1209 4479 Tynam
1243 4434 1251 4451 ι

165 4218 286 4280 Frater
303 4217 494 4280 Willelmus
511 4219 657 4284 Penreth
696 4221 851 4477 }domus
867 4219 1026 4283 Fratrum
1044 4221 1212 4284 Minorum
1228 4220 1269 4283 19

212 4497 273 4558 45*
