2940 4996
537 437 737 502 Benedictio
752 437 912 500 Athana.

413 744 465 809 IN
489 743 681 809 ABBATIS
702 740 1054 809 BENEDIOTIONE.

195 947 355 1026 Epnaepne
374 947 434 1025 ipsc
453 949 488 1007 in
507 948 665 1008 Dominico
684 950 727 1008 nel
743 949 776 1006 in
795 948 895 1007 celebri
906 947 979 1025 fecto
997 945 1114 1003 miceam
1134 941 1269 1018 complere
1289 948 1314 997 et

153 1062 219 1100 enm
232 1043 390 1101 benedicere
404 1044 488 1117 debet,
500 1045 653 1103 humiliato
666 1063 780 1123 corpore
788 1064 852 1103 cnm
864 1045 971 1101 dwbeec
980 1041 1021 1099 nel
1031 1040 1120 1097 tribas
1133 1038 1167 1096 de
1172 1037 1316 1113 fratribus

156 1137 227 1196 ania.
270 1136 341 1195 Post
364 1137 497 1215 Alleluya
521 1147 572 1196 ant
594 1140 712 1216 pradela
733 1147 784 1197 ant
802 1138 959 1216 malornm,
980 1143 1131 1210 antequam
1154 1130 1314 1208 incipiatur

158 1233 345 1308 evanpelinm,
359 1235 515 1292 annuntiat
529 1234 672 1312 episcopas
680 1235 788 1313 popnlo
800 1235 905 1302 dicens,
917 1231 1033 1290 sedendo
1042 1230 1074 1287 in
1085 1226 1227 1295 cathedra,
1239 1245 1316 1282 verso

154 1325 239 1383 dorso
252 1327 293 1383 ad
306 1328 405 1386 altare.
446 1328 542 1386 Abbaa
554 1349 617 1386 nero
631 1350 663 1386 en
676 1329 800 1406 opposito
813 1328 905 1386 sedeat
920 1347 938 1383 a
951 1324 1073 1396 remotis,
1088 1323 1153 1380 alba
1166 1329 1191 1379 et
1204 1321 1274 1378 stola
1287 1328 1313 1377 et

156 1439 250 1496 cappa
264 1421 353 1478 serica
367 1422 493 1480 indntnc.

202 1513 360 1580 Ecclesiae
384 1517 428 1580 N.
452 1517 506 1581 vel
527 1516 572 1582 N.
596 1518 699 1582 abbae
723 1517 860 1594 electus,
875 1517 999 1581 fratres
1022 1511 1197 1587 carissimi,
1222 1532 1317 1575 suum

157 1616 257 1680 adest
270 1618 418 1683 ordinem
434 1621 476 1684 ad
490 1621 754 1705 suscipiendum:
778 1623 864 1685 unde
877 1623 1065 1684 sanctorum
1077 1619 1210 1700 patrum
1225 1613 1319 1698 prius

159 1740 236 1782 eum
270 1742 445 1786 censemus
475 1725 677 1789 auctoritate
712 1723 967 1788 examinandum
1000 1721 1041 1784 de
1074 1719 1138 1795 his,
1171 1740 1242 1801 quae
1276 1717 1319 1781 ad

161 1842 293 1887 sacram
307 1823 505 1910 religionem
521 1830 556 1889 et
571 1826 798 1890 monachicam
813 1824 1053 1911 professionem
1069 1820 1248 1905 pertinent.

203 1926 450 2012 Interroqatio.
494 1929 557 1993 Vis
573 1935 678 2006 tuum,
690 1930 804 2006 frater,
817 1928 1023 2012 propositum
1040 1932 1076 1988 et
1092 1923 1199 1990 sancti
1215 1922 1320 1986 Bene-

159 2027 242 2091 dicti
265 2030 417 2115 regulam
440 2032 511 2115 ipae
536 2033 725 2110 observare,
746 2032 872 2116 tibique
896 2030 1073 2112 subjectos,
1094 2033 1132 2091 ut
1154 2027 1188 2089 id
1209 2026 1316 2110 ipsum

159 2129 298 2207 faciant,
313 2131 493 2218 diligenter
507 2135 684 2199 instruere.

206 2233 440 2314 Respondeat.
484 2236 584 2300 Volo.

206 2336 450 2421 Interroqatio.
495 2336 562 2404 Res
582 2359 712 2424 quoque
735 2337 881 2403 ecclesiae
903 2337 1066 2400 hactenus
1088 2333 1257 2417 dispersas
1272 2331 1321 2394 in-

153 2438 261 2522 juste,
291 2439 354 2515 vis,
383 2446 545 2523 qnantum
579 2442 742 2526 prevales,
774 2459 988 2525 congregare,
1020 2457 1142 2519 easque
1176 2435 1210 2496 in
1240 2453 1322 2497 usus

156 2540 317 2618 ecclesiae,
329 2540 481 2620 fratrum,
497 2565 690 2629 pauperum,
708 2544 808 2609 etiam
820 2543 1080 2629 peregrinorum,
1096 2558 1294 2603 conservare
1307 2538 1318 2600 l

203 2645 435 2725 Respondeat.
480 2646 578 2710 Volo.

205 2748 451 2830 Interropatio.
497 2749 559 2812 Vis
580 2748 802 2813 humilitatem
820 2753 853 2813 et
876 2746 1070 2832 patientiam
1091 2745 1125 2807 in
1143 2743 1322 2828 temetipso

157 2851 341 2926 custodire,
358 2856 392 2915 et
408 2852 492 2916 alios
509 2852 665 2917 similiter
678 2852 817 2916 doceret

206 2953 436 3034 Respondeat.
481 2954 579 3018 Volo.

204 3056 449 3139 Interroaatio.
493 3055 556 3120 Vis
587 3061 708 3121 sanctae
738 3057 838 3120 matri
863 3053 1010 3121 ecelesia
1034 3054 1077 3119 N.
1108 3051 1248 3116 etmihi
1273 3051 1318 3114 N.

160 3159 312 3243 ejusdem
337 3157 490 3244 episcopo
517 3159 709 3224 canonicam
735 3180 796 3244 per
821 3159 933 3223 omnia
962 3156 1201 3241 subjectionem
1228 3155 1319 3218 exhi-

162 3263 244 3326 bere
256 3259 289 3322 l*

162 3429 180 3462 ἥ
196 3428 249 3482 rra
258 3426 452 3499 tnofoltowinp
459 3429 554 3484 Forata
560 3425 1199 3502 ‹rfdemandinyPreffcesionarelennqivenintlec
1207 3426 1320 3494 manain.

198 3517 248 3572 Vis
260 3522 364 3572 sanctae
376 3517 459 3571 matri
472 3517 599 3574 Ecclesiae
618 3525 646 3573 et
657 3525 752 3574 sancto
771 3519 851 3574 Petro
864 3525 892 3573 et
904 3515 1014 3572 domino
1032 3514 1143 3569 domino
1162 3512 1327 3567 Christofero

162 3602 339 3658 miseratione
361 3602 456 3658 divina
479 3610 636 3660 sanctorum
661 3606 737 3660 Petri
761 3612 789 3660 et
814 3603 967 3659 Marcellini
992 3606 1171 3657 sacrosanctae
1194 3598 1328 3653 Romanae

163 3689 292 3746 Ecclesia
310 3691 468 3762 presbytero
479 3691 623 3761 cardinali,
637 3691 801 3748 Eboracensi
819 3691 1027 3764 archiepiscopo,
1041 3688 1153 3758 Anglias
1165 3686 1286 3759 primati,
1299 3693 1327 3741 et

162 3777 320 3849 apostolica
337 3777 410 3831 aedis
428 3777 526 3849 legato,
545 3796 577 3834 aa
595 3780 743 3834 venerabili
761 3777 892 3834 confratri
910 3783 1003 3831 nostro
1021 3774 1153 3844 «Iohanni,
1168 3773 1219 3829 Dei
1235 3773 1326 3844 gratia

165 3863 381 3936 Nigropontensi
393 3863 524 3937 episcopo,
539 3865 707 3937 suffraganeo
719 3871 819 3935 nostro,
833 3865 948 3919 salutem
963 3870 990 3917 et
1001 3863 1148 3917 fraternam
1168 3861 1197 3914 in
1211 3860 1328 3915 Domino

164 3951 306 4007 caritatem
321 3949 376 4022 [et]
387 3953 545 4007 canonicam
559 3970 607 4024 per
618 3953 711 4009 omnia
722 3953 919 4024 subjectionem
932 3950 1079 4006 exhibere?

201 4038 251 4092 Vis
271 4043 374 4092 sanatae
395 4038 478 4092 matri
499 4037 627 4095 Ecclesia
648 4046 676 4095 et
697 4046 792 4096 sancto
814 4041 896 4095 Petro
919 4045 947 4094 at
968 4036 1131 4091 Christofero
1153 4034 1329 4108 permissione

165 4125 259 4180 divina
277 4124 440 4179 Eboracensi
458 4125 664 4199 archiepiscopo,
679 4128 792 4199 Angliae
804 4127 915 4200 primati
932 4131 960 4181 at
978 4123 1131 4197 apostolica
1145 4123 1217 4178 sedis
1227 4121 1325 4193 legato,

163 4230 194 4267 ac
216 4211 365 4267 venarabili
388 4211 518 4267 confratri
539 4219 631 4268 nostro
652 4214 777 4270 iohanni
799 4214 849 4270 Dei
867 4214 955 4285 gratia
976 4210 1187 4286 Nigropontensi
1206 4209 1329 4281 episcopo

164 4299 334 4371 suffraganeo
347 4303 448 4367 nostro,
458 4299 573 4355 salutem
587 4307 616 4356 et
624 4301 773 4357 fraternam
787 4302 816 4355 in
831 4302 947 4356 Domino
957 4301 1097 4356 caritatem
1108 4299 1162 4370 [et]
1171 4296 1328 4352 canonicam

167 4405 217 4460 per
229 4387 322 4444 omnia
334 4386 531 4458 subJectionem
544 4388 692 4444 exhibere?
