2940 4996
197 400 261 464 234
500 404 752 468 lntleronieotio
769 406 1044 488 Arotiepiooopi.

238 605 414 684 Respondeat
428 608 518 666 altena
532 609 676 667 medietas.

243 702 443 768 Benedictus
465 705 523 788 qui
546 705 580 768 in
603 706 724 771 throno
748 700 1034 792 arehiepiscopum
1057 709 1091 770 te
1114 726 1256 792 regnare
1280 728 1360 773 con-

200 805 323 870 stituit.

238 907 315 967 Item
324 910 427 987 podati.

242 1003 389 1088 Fulgeas
405 1006 467 1070 hac
483 1006 516 1069 in
533 1005 643 1090 gloria
659 1026 719 1089 per
734 1005 837 1092 longa
851 1007 953 1093 hujus
969 1006 1045 1071 vitae
1062 1011 1225 1092 tempora.

240 1107 316 1165 Item
329 1109 453 1165 secandi.

244 1203 355 1266 Donec
371 1225 392 1266 a
407 1204 547 1267 Domino
562 1202 707 1289 Deotuo
723 1202 885 1269 invitatus
899 1203 1071 1288 possideas
1084 1201 1205 1268 stolam
1222 1204 1358 1269 immor-

202 1306 347 1369 talitatis
363 1306 396 1369 in
414 1306 497 1371 solio
513 1306 608 1390 regni
625 1305 779 1370 coelestis.
1230 1304 1232 1308 '

248 1411 467 1490 Respondeat
482 1410 615 1486 chorae,
632 1414 749 1473 Amen.

246 1514 309 1584 Qua
317 1514 417 1588 finito,
432 1512 547 1570 dicatur
561 1514 654 1571 oratio
667 1513 725 1571 hoec
738 1513 773 1569 ab
786 1531 844 1570 ano
856 1513 993 1590 episcopo.
1178 1587 1182 1595 .

261 1608 363 1683 Deus,
394 1607 450 1690 qui
481 1606 654 1672 ecclesiam
684 1613 777 1672 tuam
811 1608 989 1692 multiplici
1017 1630 1191 1673 munerum
1223 1615 1359 1674 tuorum

170 1697 172 1701 ⁵
205 1711 362 1796 largitate
386 1710 543 1786 laetificas,
561 1712 701 1774 concede
725 1710 850 1774 famulo
873 1714 931 1774 tuo
947 1711 990 1775 N.
1007 1732 1105 1794 quem
1128 1712 1293 1777 hodierna
1311 1715 1362 1778 die

205 1812 394 1898 apostolicae
416 1813 592 1896 dignitatis
615 1813 821 1878 sublimitate
845 1817 878 1876 et
904 1813 1121 1877 sacratissimi
1144 1813 1241 1901 pallii
1263 1817 1363 1881 bene-

205 1917 348 1980 dictione
386 1915 601 1991 eonfirmasti,
639 1917 803 1980 virtutum
841 1914 951 1980 titulis
989 1915 1125 2000 pollere,
1159 1939 1291 1982 morum
1330 1927 1365 1984 et

206 2019 399 2083 meritorum
423 2019 533 2103 gratia
556 2019 748 2094 clarescere,
765 2039 968 2103 gregemque
993 2019 1055 2082 sibi
1079 2020 1243 2086 creditum
1266 2023 1364 2109 digne

205 2145 244 2188 ac
260 2121 403 2185 fideliter
415 2142 550 2205 regere3
575 2127 740 2205 quatenus
756 2142 829 2185 cum
843 2142 881 2185 eo
894 2127 1073 2199 mereatur,
1084 2122 1217 2189 devicto
1234 2126 1364 2205 saeculo,

205 2227 247 2291 ad
263 2245 387 2310 pascua
402 2223 477 2287 vitae
492 2226 648 2309 perennis
664 2224 809 2289 feliciter
824 2223 1009 2307 pervenire.

245 2327 280 2385 H
280 2328 304 2387 is
318 2327 413 2397 dietis,
430 2327 516 2386 missa
531 2328 688 2386 celebretur-
