2940 4996
42 496 47 506 .
153 401 217 467 292
506 406 728 488 Confirmatio
744 405 946 468 Puerorum.

195 608 239 667 Et
261 618 338 680 nota,
365 611 439 686 quod
464 612 492 669 sl
514 620 582 670 oetas
607 611 799 688 confirmandi
822 611 855 668 id
878 610 1015 688 deposcat,
1040 605 1226 667 communicet
1250 622 1314 661 eum

157 704 310 782 episcopus,
325 705 431 765 dicens.

200 799 330 883 Corpus
346 800 481 864 Domini
504 803 615 866 nostri
629 803 712 867 Jesu
736 801 862 865 Christi
886 801 1057 864 custodiat
1080 816 1203 880 corpus
1219 800 1316 858 tuum

158 906 194 964 et
209 904 355 966 unimam
371 909 464 968 tuum
480 906 514 968 in
530 907 635 970 vitam
651 911 823 968 eternam.
868 906 986 968 Amen.

198 1003 262 1062 Hoc
275 1005 365 1082 sacto,
387 1008 559 1083 injunpatur
580 1009 615 1066 ab
636 1008 733 1083 aliquo
753 1007 902 1076 sacerdote,
925 1006 999 1082 quod
1020 1011 1176 1081 compatres
1196 1008 1222 1059 et
1243 1019 1316 1057 com·

158 1107 261 1156 inatres
275 1109 353 1158 orent
367 1101 487 1178 aliquod
507 1110 612 1160 certum
621 1122 678 1178 pro
698 1109 774 1158 statu
788 1100 902 1158 domini
915 1100 1039 1177 episcopi
1058 1107 1084 1156 et
1093 1119 1149 1176 pro
1164 1095 1317 1153 animabus

158 1197 251 1272 patris
262 1205 286 1254 et
297 1198 407 1267 ucatris,
421 1207 447 1256 et
456 1221 511 1276 pro
522 1200 672 1256 animabus
682 1198 810 1255 omnium
818 1197 955 1273 fidelium
966 1195 1161 1272 defunctorum
1172 1216 1183 1265 ;
1204 1201 1230 1250 et
1245 1190 1318 1269 quod

158 1291 243 1346 tertia
264 1285 310 1349 die
331 1293 438 1350 cadant
458 1314 522 1351 cuin
539 1294 638 1370 pueris
659 1293 698 1348 ad
718 1292 864 1349 ecclesiam
888 1292 927 1348 ud
950 1290 1118 1349 clicismalia
1139 1287 1315 1366 deponenda,

162 1392 187 1440 et
201 1385 241 1441 sic
254 1387 385 1444 recedant
399 1388 559 1445 innomine
574 1386 709 1445 Domini.

205 1481 285 1538 Timo
312 1483 456 1540 benedicat
482 1483 626 1560 episcopus
652 1481 789 1560 populum
811 1482 1035 1557 penadectentem
1058 1500 1123 1538 cum
1145 1479 1257 1557 pueris,
1280 1476 1319 1534 sic

164 1573 292 1632 dicenda.

209 1671 392 1736 Benedicat
414 1693 475 1734 vos
499 1673 712 1755 omnipotens
735 1671 829 1736 Deus
852 1671 955 1735 Pater
975 1667 1015 1746 ᾧ
1038 1676 1072 1735 et
1095 1668 1205 1734 Filius
1228 1665 1268 1744 ›1‹
1289 1673 1322 1730 et

167 1771 541 1857 SpiritusfflSenctus.
587 1777 632 1839 R.
676 1777 796 1839 Amen.

206 1969 249 2028 Et
269 1979 345 2044 nota,
361 1973 435 2048 occod
454 1975 512 2031 bae
532 1973 685 2031 benedictio
706 1973 782 2030 debet
801 1972 863 2030 dici
876 1972 911 2030 ab
924 1971 1051 2051 episcopo
1071 1932 1322 2049 sapeipopulum,

169 2066 268 2123 totiens
282 2068 407 2142 quotiens
421 2070 539 2146 aliquod
552 2076 701 2128 consecrat.

207 2261 248 2318 Et
269 2269 345 2331 notu,
366 2262 441 2338 qicod
459 2283 517 2321 non
541 2283 648 2339 semper
668 2270 777 2320 tenetur
800 2261 944 2340 episcopus
968 2262 1136 2338 reincipere
1159 2259 1203 2317 vel
1224 2260 1328 2317 iterare

169 2363 255 2412 totum
271 2357 419 2413 servitium
429 2379 484 2434 pro
504 2358 624 2434 quolibet
634 2377 725 2434 puero
745 2357 803 2414 sibi
816 2357 979 2415 adveniente
993 2358 1026 2415 in
1040 2357 1089 2414 ula
1108 2355 1152 2414 uel
1163 2355 1262 2426 alibi;
1281 2354 1327 2412 sed

170 2449 326 2509 benedicere
340 2453 454 2510 cuilibet
464 2474 553 2530 puero
567 2453 629 2509 sic:

215 2547 363 2630 Spiritus
397 2548 540 2612 Sanctus
572 2549 789 2632 superveniat
819 2550 854 2611 in
880 2554 925 2626 te,
951 2554 986 2612 et
1015 2549 1126 2613 virtus
1157 2550 1324 2614 Altissimi

170 2651 337 2714 custodiat
353 2656 386 2713 te
403 2673 423 2714 a
438 2652 595 2735 peccatis·

211 2751 359 2828 Inquisito
373 2754 487 2810 nominc
500 2754 592 2830 pueri,
607 2754 686 2811 dicat

215 2848 260 2911 N.
277 2847 435 2931 signate,
452 2860 623 2929 utsupra.

211 2949 247 3009 Sl
267 2949 473 3024 isinanafueiit
489 2951 625 3027 pausatio
638 2950 721 3027 facta
735 2952 811 3009 inter
829 2972 930 3029 pueros
943 2952 999 3010 sibi
1018 2952 1205 3025 aduenientes,
1221 2962 1324 3013 tenetur

172 3045 341 3122 reincipere
354 3053 443 3103 totuin
455 3046 613 3106 servitium.

212 3252 288 3311 Iteun
316 3253 343 3309 si
366 3253 577 3329 confirmandus
597 3253 691 3329 suerit
719 3254 825 3312 adalta
850 3256 952 3326 oetatis,
977 3265 1002 3314 ct
1027 3257 1151 3314 nescitur
1173 3258 1260 3334 plane
1285 3257 1322 3315 ud

173 3347 322 3404 dubitatur
335 3347 529 3405 uerisimiliter
541 3355 637 3405 utrum
650 3348 689 3405 sit
708 3351 890 3424 confirmatus
904 3351 947 3407 uel
963 3372 1029 3424 non,
1038 3353 1138 3428 primo
1152 3354 1319 3428 confiteatur,

174 3449 282 3518 etpost,
297 3441 436 3517 inquisito
449 3443 562 3499 tietuine
576 3443 667 3513 illius,
684 3443 771 3500 dicat.

217 3536 252 3600 si
268 3556 304 3599 es
318 3537 546 3612 confirmatuS‚
558 3559 625 3601 non
638 3553 672 3601 te
685 3539 883 3603 reconfirmo
896 3562 904 3614 ;
930 3540 957 3603 si
970 3561 1035 3604 non
1052 3561 1088 3604 en
1102 3543 1319 3616 confirmatus,

176 3638 271 3723 signo
288 3645 323 3702 te
342 3638 450 3722 signo,
465 3641 520 3703 &a
537 3651 710 3721 utsupra.
