2940 4996
211 400 275 467 258
472 402 689 468 Consecratio
708 405 864 470 Oleorum
878 418 910 472 ct
928 410 1142 472 Olcriamatis.

264 785 375 857 From
401 787 455 859 tlte
476 784 669 879 Pontifical
693 787 738 878 os
757 786 865 882 Loey,
893 789 1027 884 Baaop
1053 787 1098 880 of
1116 788 1252 882 Eaetcr,
1281 791 1381 861 circa

227 922 332 988 1420.

215 1099 444 1184 QUALITER
489 1100 817 1166 CONSEORETUR
860 1101 1019 1167 OLEUM
1063 1104 1377 1182 INFIRMORUM,

430 1202 588 1269 OLllUM
612 1202 843 1281 SANCTUM,
866 1205 923 1268 ΕΤ
946 1204 1154 1272 CHRISMA

553 1307 605 1370 IN
627 1305 847 1372 EOOLESIA
870 1307 1036 1372 SARUM.

212 1510 285 1574 Esr
313 1512 495 1577 notandum
518 1513 607 1595 quod
634 1513 822 1596 episcopus,
847 1517 1027 1597 antequam
1055 1513 1156 1592 dieat,
1180 1516 1250 1578 Per
1277 1536 1375 1597 quem

212 1614 282 1678 taeo
306 1617 431 1691 omnia,
448 1615 628 1680 subtrahat
651 1636 687 1679 se
710 1615 885 1701 paululum
909 1617 951 1680 ab
973 1616 1076 1681 altari
1099 1637 1200 1682 versa
1221 1617 1311 1683 facie
1335 1619 1377 1683 ad

211 1719 373 1778 austrum.

253 1817 346 1879 Tunc
358 1816 448 1882 dieat
463 1839 550 1881 unus
563 1818 817 1882 archidiaconus
831 1818 903 1883 alta
919 1840 998 1884 voce
1015 1818 1063 1884 sic
1082 1820 1241 1896 vocando,
1257 1819 1374 1885 Oleum

208 1920 429 2009 infirmorum.
475 1920 545 2004 Quo
569 1926 700 1997 vocato,
715 1922 854 1986 accedat
875 1921 1011 2004 quidam
1032 1922 1290 1987 archidiaconus
1312 1945 1373 2009 per

207 2027 352 2092 medium
380 2029 475 2093 chori
501 2031 543 2094 ad
570 2029 690 2107 altare,
717 2051 814 2113 quem
841 2032 1006 2114 pracedat
1034 2031 1190 2095 minister
1215 2032 1372 2097 deferens

207 2134 319 2198 oleum
335 2134 551 2210 infirmorum,
568 2134 776 2219 praecedente
793 2134 860 2198 alio
876 2135 1033 2200 ministro
1050 2156 1124 2199 cum
1141 2136 1279 2200 vexillo.

248 2236 377 2302 Deinde
394 2239 571 2322 episcopus
587 2259 689 2322 super
710 2237 894 2321 ampullam
909 2239 1018 2322 ipsam
1039 2244 1094 2303 ter
1109 2239 1243 2324 signum
1259 2241 1369 2306 crucis

205 2341 319 2418 faciat,
335 2347 370 2406 et
385 2348 439 2406 ter
455 2343 565 2406 sufflet
580 2343 614 2404 in
630 2363 682 2418 ea,
699 2343 853 2407 ministro
871 2343 981 2407 oleum
997 2342 1182 2408 deferente.

246 2444 376 2508 Deinde
394 2445 548 2529 perficiat
563 2445 796 2522 exorcismum,
813 2445 1028 2510 audientibus
1051 2450 1184 2510 tantum
1200 2444 1367 2510 ministris

204 2547 261 2630 qui
278 2569 374 2611 secus
391 2548 498 2611 altare
516 2553 619 2622 stant,
636 2548 707 2610 sine
728 2548 897 2611 Dominae
909 2548 1089 2624 vobiscum,
1108 2548 1192 2611 sine,
1205 2549 1367 2612 Oremas:

205 2652 292 2715 sicut
307 2651 346 2714 fit
360 2650 382 2713 J
384 2651 467 2714 udaei
485 2650 712 2713 exorcismus:
737 2650 795 2713 sed
812 2650 863 2713 ita
876 2650 1015 2724 directe,
1031 2651 1214 2726 Ecorcc'ro,
1229 2651 1290 2714 &a

244 2754 312 2817 Hic
327 2758 542 2818 removeatur
564 2753 710 2816 dicatum
727 2751 848 2828 oleum,
866 2757 900 2816 et
920 2752 1175 2816 archidiaconus
1191 2773 1266 2816 cum
1292 2751 1364 2817 suis

200 2857 366 2921 ministris
382 2879 422 2921 eo
438 2857 536 2921 modo
552 2878 617 2939 quo
634 2855 789 2930 accessit,
805 2854 952 2918 recedat.

242 2959 370 3023 Deinde
387 2965 571 3043 peragatur
586 2959 692 3022 missa
705 2958 769 3021 hoc
785 2957 893 3020 modo.
938 2958 1120 3041 Perpetem
1136 2957 1206 3022 liceo
1222 2961 1349 3021 omnia.

259 3063 342 3127 Post
373 3062 574 3125 fractionem
609 3065 709 3124 vocat
742 3059 998 3124 archidiaconns
1032 3063 1071 3122 ut
1104 3059 1208 3142 prius,
1244 3059 1361 3124 Oleum
1396 3133 1398 3137 Α

200 3179 365 3231 carectum.
410 3166 482 3250 Quo
506 3170 635 3241 vocato,
652 3164 788 3228 accedat
812 3163 899 3228 alius
923 3163 1178 3228 archidiaconus
1202 3184 1241 3227 eo
1265 3165 1362 3228 modo

197 3277 232 3336 et
258 3271 384 3347 ordine,
411 3291 478 3352 qno
509 3269 602 3353 prior
632 3267 890 3332 archidiaconus
920 3266 1074 3342 accessit,
1102 3286 1177 3329 cum
1209 3266 1360 3350 ampulla

197 3375 388 3438 continente
420 3373 530 3436 oleum
558 3376 721 3446 sanctum,
750 3390 850 3453 super
877 3389 976 3452 quam
1001 3374 1056 3432 ter
1082 3368 1216 3453 signum
1247 3369 1357 3434 crucia

197 3480 311 3555 faciat,
336 3486 371 3543 et
394 3484 448 3543 ter
473 3477 583 3541 sufflet
607 3477 640 3538 in
666 3497 716 3551 ea,
736 3479 771 3538 et
795 3475 842 3538 sio
869 3473 1023 3558 perficiat
1045 3473 1269 3536 exorcismum
1294 3474 1358 3539 olei

195 3583 293 3644 modo
310 3582 504 3665 supradicto
527 3579 569 3642 ad
584 3577 831 3661 baptizandum,
848 3576 1063 3641 audientibus
1086 3579 1219 3640 tautum
1240 3577 1357 3640 minis·

195 3687 270 3749 tris.
315 3685 485 3749 Erroroizo
503 3694 533 3746 te
549 3690 712 3746 creatura
726 3682 782 3743 dic.

237 3787 312 3852 Hoc
327 3788 427 3863 facto,
443 3787 562 3850 redeat
583 3784 838 3848 archidiaconus
855 3803 928 3845 cum
952 3781 1064 3845 dicato
1086 3781 1170 3858 oleo,
1188 3805 1262 3847 cum
1286 3785 1357 3848 suis

193 3891 359 3953 ministris
374 3890 488 3952 eodem
506 3887 602 3950 modo
618 3907 681 3969 qno
699 3906 813 3969 supra.

236 3994 318 4057 Post
340 3994 408 4056 haec
430 3994 624 4054 revertatur
648 3988 824 4072 episcopus
847 3987 889 4051 ad
915 3985 1027 4050 sedem
1055 4005 1150 4049 suam
1178 3986 1220 4049 ad
1243 3988 1354 4070 quies·

191 4097 343 4159 cendum.

231 4198 359 4262 Deinde
382 4196 472 4260 dicat
494 4195 750 4258 archidiaconus
775 4194 823 4257 sic
845 4192 996 4256 vocando
1020 4190 1093 4255 alta
1118 4211 1208 4266 voce,
1236 4190 1351 4255 Oleum

186 4303 391 4367 chrismatio.
438 4298 566 4362 Deinde
583 4302 814 4383 praeparentur
838 4295 989 4358 ministri
1004 4314 1067 4379 per
1084 4313 1142 4357 sex
1160 4292 1294 4358 ordines
1309 4293 1350 4358 ad
