2940 4996
497 413 539 473 Ia
561 413 786 476 Ordinatioae
803 411 983 492 Episcopi.

159 822 414 888 ORATIONES
430 823 487 888 ΕΤ
511 823 679 889 PREOES
694 825 747 890 IN
766 820 1084 890 ORDINATIONE
1105 819 1316 887 EPISOOPI.

200 1046 352 1123 Oramus,
375 1046 585 1111 dilectissimi
607 1048 714 1124 nobis,
737 1054 777 1113 ut
799 1047 877 1112 huic
899 1047 973 1110 viro
994 1047 1046 1110 ill.
1070 1046 1113 1110 ad
1136 1044 1318 1110 utilitatem

157 1149 314 1215 Ecclesiae
337 1150 550 1234 provehendo
566 1151 759 1236 benignitas
782 1151 1023 1235 omnipotentis
1039 1149 1102 1214 Dei
1119 1149 1240 1235 gratiae
1256 1169 1319 1212 sua

157 1254 286 1319 tribuat
300 1253 506 1338 largitatem.
551 1254 616 1318 Per
631 1255 810 1320 Dominum
826 1259 990 1319 nostrum.

199 1359 282 1415 Alta.

201 1453 327 1516 Adesto
351 1452 652 1537 supplicationibus
668 1455 805 1531 nostris,
822 1454 1034 1539 omnipotens
1055 1451 1158 1529 Deus,
1176 1456 1212 1517 et
1232 1451 1316 1535 quod

159 1555 360 1618 humilitatis
391 1562 513 1618 nostrae
547 1556 731 1640 gerendum
767 1561 818 1622 est
850 1556 1050 1632 ministerio,
1081 1559 1147 1619 tuae
1182 1553 1317 1619 virtutis

159 1658 339 1743 impleatur
355 1658 487 1721 effectu.
532 1659 607 1722 Per.

199 1761 284 1816 Alia.

91 1863 93 1866 ⁴
200 1854 399 1939 Propitiare,
426 1854 577 1932 Domine,
602 1857 905 1942 supplicationibus
931 1857 1069 1934 nostris,
1093 1872 1130 1922 et
1156 1854 1315 1920 inclinato

158 1979 260 2042 super
289 1959 376 2020 hunc
406 1957 569 2021 famulum
596 1965 690 2023 tuum
717 1962 770 2025 ill.
801 1982 905 2026 cornu
937 1960 1054 2046 gratiae
1082 1958 1313 2033 sacerdotalis,

161 2061 401 2126 benedictionis
417 2066 481 2124 tuae
498 2062 532 2125 in
549 2085 588 2126 eo
606 2064 766 2129 virtutem
783 2064 927 2129 effunde.
972 2064 1047 2128 Per.

203 2165 389 2224 Consecrnta'o.

204 2262 306 2325 Pater
323 2265 447 2336 sancte,
465 2260 676 2344 omnipotens
690 2262 793 2341 Deus,
810 2264 866 2349 qui
889 2286 950 2350 per
972 2260 1152 2326 Dominum
1168 2264 1316 2326 nostrum

160 2367 276 2430 desum
293 2363 465 2427 Christum
486 2364 528 2427 ab
552 2364 649 2428 initio
673 2373 793 2431 cuncta
810 2367 976 2444 formasti,
993 2371 1027 2429 et
1048 2364 1262 2448 postmodum
1284 2364 1316 2425 in

161 2471 226 2533 fine
257 2472 454 2550 temporum,
488 2469 669 2533 secundum
704 2471 985 2554 pollicitationem
1016 2489 1115 2553 quam
1150 2467 1318 2532 Abraham

159 2571 352 2656 patriarcha
386 2573 502 2632 noster
535 2578 720 2654 acceperat,
756 2573 929 2637 ecclesiam
960 2592 1090 2657 quoque
1125 2574 1315 2634 sanctorum

161 2672 420 2758 congregatione
440 2671 599 2748 fundasti,
617 2674 781 2739 ordinatis
804 2677 905 2740 rebus
920 2696 982 2759 per
998 2693 1082 2758 quas
1104 2672 1239 2757 legibus
1255 2693 1275 2735 a
1289 2676 1320 2734 te

160 2776 249 2840 datis
280 2775 463 2859 disciplinae
490 2775 611 2859 religio
642 2784 839 2862 regeretur3
870 2784 997 2863 praesta
1027 2782 1065 2842 ut
1094 2776 1149 2840 hic
1176 2775 1320 2840 famulus

159 2885 238 2945 tuus
262 2878 306 2942 sit
329 2877 526 2942 ministeriis
543 2880 737 2964 cunctisque
752 2882 899 2947 fideliter
920 2882 1028 2967 gestis
1052 2879 1169 2944 officiis
1189 2880 1318 2964 dignus,

162 2989 201 3047 ut
222 2981 409 3064 antiquitus
432 2982 591 3046 instituta
614 2985 723 3066 possit
745 2991 1031 3050 sacramentorum
1054 2983 1219 3067 mysteria
1240 2982 1320 3046 cele-

160 3087 269 3150 brare.
316 3086 381 3148 Per
404 3089 438 3148 te
462 3085 496 3147 in
522 3106 686 3149 summum
711 3086 753 3151 ad
776 3087 864 3172 quod
890 3088 1076 3152 assumitur
1100 3086 1319 3151 sacerdotium

162 3192 394 3263 consecretur;
420 3189 464 3251 sit
491 3208 591 3272 super
618 3189 758 3253 eundem
784 3191 972 3255 benedictio
999 3194 1070 3265 tua,
1094 3188 1175 3252 licet
1204 3207 1319 3252 manus

160 3298 277 3355 nostra
305 3291 359 3354 sit.
405 3291 560 3375 Praecipe,
585 3291 737 3370 Domine,
764 3294 842 3358 huic
867 3314 1006 3378 pascere
1033 3312 1113 3355 oves
1140 3296 1229 3356 tuas.
1274 3292 1318 3354 Ac

160 3395 270 3458 tribue
286 3398 325 3456 ut
340 3394 508 3456 commissi
531 3395 644 3479 gregis
668 3397 821 3460 custodia
836 3397 1001 3461 sollicitus
1023 3400 1142 3480 pastor
1156 3394 1317 3481 invigilet.

159 3497 304 3582 Spiritus
337 3497 414 3559 huic
446 3497 588 3560 Sanctus
623 3504 701 3561 tuus
732 3499 915 3562 coelestium
947 3499 1164 3562 carismatum
1194 3498 1316 3561 divisor

161 3600 320 3674 assistat3
350 3606 389 3661 ut
416 3600 502 3663 sicut
531 3600 587 3662 ille
613 3601 741 3665 electus
767 3603 919 3686 gentium
946 3602 1063 3664 doctor
1086 3600 1249 3677 instituit,
1276 3599 1317 3664 sit

154 3705 292 3787 justitia
336 3725 402 3766 non
442 3703 607 3787 indigens,
647 3706 857 3789 benignitate
903 3704 1045 3789 pollens,
1083 3703 1316 3788 hospitalitate

157 3808 319 3881 diffusus3
345 3812 458 3868 servet
474 3807 506 3867 in
532 3808 823 3870 exhortationibus
840 3808 1062 3882 alacritatem,
1079 3807 1113 3868 in
1137 3804 1316 3889 persecuti·

158 3912 276 3973 onibus
293 3910 401 3982 fidem,
418 3910 452 3971 in
469 3910 611 3972 caritate
627 3912 838 3994 patientiam,
854 3911 888 3972 in
913 3911 1057 3973 veritate
1073 3909 1315 3980 constantiam

156 4014 190 4075 in
207 4013 389 4075 haeresibus
407 4035 444 4076 ac
469 4014 561 4076 vitiis
578 4014 731 4077 omnibus
749 4015 860 4078 odium
878 4014 974 4089 sciat,
990 4013 1024 4074 in
1050 4011 1316 4076 aemulationibus

153 4115 292 4190 nesciat,
307 4116 339 4178 in
351 4117 491 4198 judiciis
508 4138 582 4179 eum
599 4117 785 4201 gratiosum
802 4138 877 4181 esse
895 4118 987 4180 sinas
1003 4120 1166 4179 ettamen
1183 4118 1314 4199 gratum

153 4239 228 4280 esse
245 4219 418 4282 concedas.
464 4221 652 4296 Postremo,
664 4221 776 4284 omnia
787 4227 851 4284 ate
864 4218 1217 4305 largiterdiscatquae
1228 4217 1313 4281 salu·

155 4324 260 4388 briter
276 4335 352 4388 tuos
376 4326 506 4390 doceat.
553 4326 786 4391 Sacerdotium
802 4327 912 4411 ipsum
937 4345 1021 4410 opus
1045 4343 1121 4388 esse
1144 4322 1311 4387 existimet
