2940 4996
517 340 699 403 Ordinatio
720 341 956 404 Ostiariorum.
1295 342 1314 406 7

196 525 431 584 Pronunciantur
445 535 455 558 ¹
469 549 560 585 omnes
574 528 739 598 ordinandi,
757 530 830 604 qnod
843 550 899 586 non
919 529 1047 586 recedant
1061 530 1096 586 ab
1117 531 1228 586 ecclesia
1249 538 1312 585 ante

147 621 242 694 finem
256 622 355 679 missa.

199 714 321 772 Cantato
335 717 426 774 missa
440 716 567 788 introitu,
582 724 608 773 et
621 717 697 774 dicta
706 719 808 795 prima
822 718 943 788 collecta,
959 718 1039 775 dicat
1053 718 1277 776 archidiaconns.

199 812 368 875 Accedant
383 813 438 896 qui
454 812 626 876 ordinandi
642 820 720 876 sunt
736 814 881 877 Ostiarii.

200 912 281 970 Tunc
294 915 426 971 accedant
440 915 601 971 immediate
615 924 764 991 antequam
779 917 857 973 lectio
872 916 979 991 leuatur
992 916 1034 973 od
1046 915 1162 990 nradale
1176 923 1312 988 cantetur,

154 1006 195 1063 od
208 1009 433 1078 consecrandum,
448 1016 473 1066 ot
486 1009 628 1084 episcopus
642 1010 735 1065 sedem
750 1030 813 1066 cnm
827 1011 914 1066 mitra
929 1031 971 1066 eos
985 1010 1146 1066 instruendo
1161 1010 1246 1066 dicat.

200 1100 381 1165 Ostiarium
405 1110 537 1186 oportet
560 1110 732 1187 percutere
757 1104 952 1188 cymbalum,
975 1106 1103 1189 aperire
1129 1105 1312 1181 ecclesiam,

155 1210 190 1268 et
206 1205 327 1268 librum
343 1212 455 1269 tenere
472 1207 503 1269 ei
519 1207 574 1289 qui
589 1208 766 1290 praedicat:

207 1323 332 1380 Etcum
348 1324 528 1396 ordinamur,
547 1324 645 1381 tradat
663 1326 702 1382 eis
723 1326 866 1401 episcopus
888 1324 975 1382 claues
994 1325 1121 1395 ecclesia,
1142 1333 1167 1383 et
1188 1327 1246 1403 ipsi
1269 1347 1313 1385 eas

156 1419 291 1474 ambabus
311 1420 450 1496 recipiant
464 1420 603 1489 manibus,
618 1427 642 1477 et
664 1420 741 1477 dicat
761 1422 800 1477 eis
814 1422 956 1498 episcopus
976 1423 1084 1482 stando.
1134 1424 1172 1481 Et
1191 1426 1217 1481 si
1231 1426 1315 1482 multi

156 1521 232 1583 sunt,
249 1521 318 1570 stent
331 1515 362 1570 in
375 1515 505 1584 circuitu,
520 1521 545 1571 ct
559 1515 700 1590 episcopus
714 1515 873 1586 circumeat,
889 1517 990 1591 sapius
1003 1518 1079 1575 idem
1092 1519 1245 1594 repetendo,

203 1608 258 1671 Sic
274 1609 373 1692 agite,
390 1610 485 1692 quasi
500 1608 659 1671 reddituri
682 1609 753 1672 Deo
776 1611 937 1674 rationem
961 1633 1019 1695 pro
1043 1613 1094 1676 his
1119 1616 1227 1690 rebus,
1245 1638 1314 1698 quae

156 1718 233 1781 istis
249 1718 398 1780 clavibus
413 1717 638 1781 recluduntur.

204 1837 285 1895 Tunc
298 1837 382 1894 diicat
396 1858 438 1894 eos
452 1838 668 1894 archidiaconus
682 1837 720 1894 ad
734 1838 835 1894 ostium
849 1839 975 1909 ecclesia,
990 1848 1014 1896 et
1033 1841 1129 1898 tradat
1146 1842 1186 1899 eis
1204 1843 1315 1900 ostium.

199 1934 337 2010 Proefatio
352 1933 552 2004 Ostiariorum‚
572 1937 696 2011 episcopo
718 1933 757 1989 ad
774 1954 816 1990 eos
831 1955 965 2007 converso,
979 1956 1067 1993 manu
1086 1938 1190 1994 dorma
1204 1939 1315 1996 dextera

158 2048 245 2104 super
261 2047 314 2084 eos.

158 2132 1317 2227 m

447 2237 736 2245 ———-———.

206 2281 271 2344 Dc·
281 2302 350 2342 -um
367 2280 497 2342 Patrem
515 2279 810 2360 omni-potentem,
824 2281 946 2344 fratres
963 2282 1178 2357 caris-simi,
1197 2283 1320 2368 suppli·

159 2394 1321 2458 Ηᾞ-ιῆ-*ΗψμΗ-ι-Ηῆψι

161 2545 263 2608 ci-ter
285 2541 526 2625 deprecemur
556 2543 593 2601 ut
608 2540 668 2601 hos
684 2539 841 2602 famu-los
858 2562 911 2603 su·
923 2562 975 2603 -os
1035 2541 1078 2605 N.
1135 2537 1319 2612 beneffldi-

161 2657 1319 2748 Q}

163 2822 255 2867 ce·re
285 2799 476 2883 dig-netur,
507 2818 589 2879 quos
619 2798 653 2859 in
688 2797 819 2873 ‹tf-fici·
833 2819 901 2859 -um
933 2800 1319 2863 os-ti-·a·-ri-·o--rum

163 2912 1319 2994 Μ

165 3086 201 3128 e·
212 3061 358 3144 -li-ge-re
373 3058 546 3142 digne-tus
563 3064 615 3121 est
631 3064 669 3122 ut
686 3059 731 3120 cit
747 3079 780 3120 e·
792 3059 836 3120 ·is
852 3058 1107 3121 fidelis-sima
1122 3081 1216 3122 cu-ra
1231 3060 1279 3122 di·
1295 3081 1327 3121 -e

168 3173 943 3188 W

167 3243 734 3259 -——--———--·———-—-
1085 3229 1104 3266 Ι
1305 3195 1324 3232 Ι

164 3327 231 3388 bus
247 3345 285 3387 ec
300 3322 467 3385 nocti-bus
490 3320 532 3383 ed
556 3319 717 3382 distincti·
730 3339 853 3381 -0·nem
869 3319 1055 3380 ho-ra-rum
1074 3309 1267 3381 cer-turum
1283 3317 1324 3380 ad

165 3433 1111 3544 ι-Η-ι-Η-Ἡ-Η-Η--Ῑ

164 3585 399 3652 inve-cendum
415 3604 534 3646 nomen
549 3581 710 3644 Do-mi-ni
728 3581 832 3644 nostri
847 3580 868 3643 J
871 3601 945 3643 e-su
961 3580 1098 3645 Christi.

209 3705 288 3764 Tunc
302 3701 443 3781 episcopus
456 3708 545 3758 vertat
557 3721 584 3756 se
599 3699 637 3756 ad
651 3700 740 3756 altare
754 3699 857 3768 dicens,

673 3794 820 3857 Oremue

335 3903 383 3964 Et
398 3903 573 3963 diaconus.
617 3897 808 3961 Flectamus
824 3917 943 3981 genua.
989 3896 1125 3961 Levate.

207 4023 368 4101 Episcopus
381 4041 493 4096 sumens
512 4026 649 4076 convertat
662 4040 688 4075 se
708 4018 747 4075 ad
767 4017 948 4089 ordinandos,
968 4018 1073 4075 elevato
1092 4038 1180 4077 manu
1200 4020 1325 4094 dextera,

165 4121 269 4178 diceris.

161 4294 175 4322 ⁸
194 4284 229 4336 cl.
268 4280 495 4334 Praemuniantur
507 4279 542 4331 od
557 4278 787 4331 Praemoneantur.
