2940 4996
219 410 260 472 90
595 420 777 484 Dedicolio
798 422 995 485 Coemeterii.

217 734 288 742 -
491 745 631 753 ——
914 712 1382 758 2222...-

260 778 478 847 Do-mi--ne
509 787 550 849 ad
575 792 608 850 te
631 787 841 873 diri-gutur
863 789 1045 854 o·ra-ti-0
1071 809 1124 852 me
1155 824 1197 837 -·
1229 808 1249 850 a
1277 784 1383 847 sic-ut

215 1146 414 1216 in-een-sum
431 1155 464 1217 in
481 1161 658 1240 conspectu
747 1155 920 1237 majo-sta
935 1155 995 1218 -tis
1026 1160 1063 1220 tu
1080 1176 1141 1216 -ει,

427 1408 568 1416 n—--

257 1480 432 1546 Psolmus.
478 1483 648 1547 Do-mi-ne
666 1483 732 1547 cla·
750 1504 804 1546 ma
819 1521 832 1532 ·
850 1483 893 1545 vi.

258 1583 391 1660 Sequitur
405 1588 495 1644 oratio
509 1588 542 1644 iu
555 1588 646 1644 medio
662 1586 819 1645 coerueterii.

257 1679 420 1745 Dominus
436 1684 619 1747 vobiscum.

258 1784 393 1848 Etcum
411 1785 530 1870 spiritu
546 1792 616 1850 tuo.

260 1886 411 1952 Oremua

256 1991 391 2067 Adeste,
403 2013 600 2076 quaesumus,
611 1992 714 2068 Deua,
727 1992 832 2056 officio
845 1995 980 2066 nostr03
997 1993 1032 2055 et
1041 1993 1088 2067 tu,
1097 1987 1253 2066 Domine,
1263 1989 1377 2053 locum

212 2096 382 2161 sanctifica
391 2119 486 2180 quem
501 2118 733 2160 consecramus
745 2118 805 2180 per
814 2100 934 2160 nostrae
947 2093 1143 2179 fragilitatis
1152 2093 1377 2158 ministerium

212 2199 297 2263 sicut
310 2200 508 2264 benedixisti
521 2222 581 2285 per
592 2222 711 2263 manus
724 2206 856 2283 patrum
869 2204 1070 2273 nostrorum,
1082 2196 1210 2260 scilieet
1222 2198 1380 2272 Abrahae,

211 2302 308 2366 lsaac
331 2309 365 2367 et
384 2304 498 2380 Jacob,
513 2310 637 2367 terram
663 2303 860 2386 sepulturae3
885 2308 920 2366 et
941 2300 1151 2386 postmodum
1168 2321 1229 2384 pro
1252 2306 1377 2364 nostrae

212 2406 332 2470 salutis
354 2408 500 2471 remedio
522 2407 678 2482 traditus,
694 2406 896 2491 flagellatus,
911 2404 1111 2487 tandemque
1134 2404 1223 2468 cruci
1245 2405 1377 2480 affixus,

212 2531 271 2592 per
293 2511 446 2594 teipsum,
463 2511 589 2594 Joseph
612 2510 771 2573 divinitus
794 2514 1014 2594 praeparante,
1029 2512 1200 2572 terrenum
1224 2508 1373 2572 sanetifi-

211 2614 296 2676 casti
308 2614 506 2696 sepulcrum,
519 2616 567 2679 ita
578 2616 642 2678 hoc
654 2614 876 2678 coemeterium
888 2611 1128 2687 beneffidieere
1139 2609 1372 2685 consefflcrare

209 2721 243 2780 et
259 2718 300 2780 ab
313 2717 527 2781 invisibilium
544 2717 821 2782 machinamentis
832 2716 980 2780 hostium
996 2716 1196 2802 roboffirare
1211 2714 1372 2800 digneris,

210 2843 274 2904 quo
291 2843 404 2884 omnes
420 2844 558 2905 quorum
576 2843 790 2905 quarumque,
807 2826 883 2905 post
898 2819 1046 2883 laborem
1062 2817 1148 2894 vit-a,
1161 2817 1215 2880 hic
1231 2839 1372 2903 corpora

207 2923 433 3007 pausaverint,
458 2929 624 3008 perpetuae
646 2923 817 2987 felicitatis
845 2922 981 3006 praemia
1004 2925 1259 3003 consequentur.
1306 2923 1371 2985 Per

206 3034 240 3091 te
255 3028 409 3091 Salvator
420 3029 544 3104 mundi,
555 3029 612 3112 qui
624 3028 710 3092 vivis
726 3033 761 3092 et
772 3048 894 3112 regnas
906 3048 979 3091 cum
992 3024 1063 3089 Deo
1075 3026 1177 3089 Patre
1192 3025 1227 3087 iu
1240 3025 1370 3091 unitate

209 3131 353 3215 Spiritus
371 3131 494 3207 Sancti,
510 3131 612 3196 Deus.
965 3196 967 3200 ,

245 3227 403 3307 Hocsuem,
420 3235 525 3296 elevato
539 3256 628 3292 mortu
642 3234 784 3292 benedicat
797 3232 941 3309 episcopas
955 3230 1149 3301 coemeterium,
1164 3230 1269 3290 dicens,

249 3328 351 3405 Deus,
364 3330 420 3413 qui
437 3351 472 3392 es
484 3329 587 3412 judex
603 3329 753 3393 vivorum
770 3329 839 3392 sive
856 3324 1368 3404 mortuorum,bene·1⁴dictionis

203 3436 267 3496 tuae
281 3433 574 3497 sanctificationem
585 3438 706 3496 nostrae
719 3431 903 3496 devotionis
916 3431 1021 3494 officio
1034 3451 1134 3512 super
1144 3432 1367 3495 coemeterium

203 3537 293 3601 istud
319 3536 514 3619 multiplica,
539 3540 573 3599 et
597 3536 713 3598 animae
740 3540 934 3598 cunctorum
960 3533 1107 3596 fidelium
1134 3555 1277 3616 quorum
1306 3535 1367 3598 sub

201 3645 260 3704 tuo
284 3639 468 3722 patrocinio
491 3639 580 3701 ineo
605 3637 794 3720 sepelienda
819 3642 897 3700 sunt
920 3657 1069 3718 corpora,
1086 3657 1152 3698 non
1177 3637 1366 3702 afficiantur

201 3744 386 3806 terroribus
412 3763 513 3826 poenae
536 3740 718 3815 infernalis,
744 3739 801 3802 sed
825 3739 937 3823 potius
961 3759 1033 3801 eum
1063 3737 1189 3801 sanctis
1211 3739 1364 3804 omnibus

202 3845 370 3908 socientur
385 3850 493 3908 tecum
517 3842 706 3906 coelestibus
729 3841 871 3926 gaudiis,
888 3840 950 3924 Qui
973 3839 1006 3902 in
1031 3839 1198 3903 Trinitate
1214 3843 1365 3925 perfecta

200 3948 285 4012 vivis
301 3953 336 4011 et
350 3948 505 4032 gloriaris
520 3947 621 4023 Deus,
634 3967 694 4031 per
709 3947 839 4010 infinita
854 3944 976 4009 saecula
991 3943 1197 4010 saeculorum.
1245 3950 1363 4010 Amen.

243 4050 377 4127 Sequitur
391 4050 431 4107 M
430 4051 487 4107 issu
501 4051 534 4107 de
548 4050 648 4109 eodem.

243 4145 403 4228 Requiem
420 4151 576 4208 aeternam
593 4145 679 4208 dona
695 4144 754 4220 eis,
771 4143 923 4206 Domine.

248 4250 378 4313 Oratio.
423 4246 525 4322 Deus,
550 4246 645 4329 cujus
667 4245 879 4309 miseratione
907 4244 1023 4308 animae
1044 4242 1190 4307 fidelium
1218 4246 1365 4329 requies·

201 4357 290 4427 cunt,
306 4349 382 4413 huic
406 4348 593 4414 coemeterio
616 4348 770 4433 angelum
787 4352 880 4413 tuum
902 4347 1042 4431 deputes
1066 4347 1251 4424 custodem,
1269 4354 1302 4413 et
1324 4349 1369 4414 da
