2940 4996
151 419 215 486 302
285 419 469 503 Pontifical
488 419 599 505 Offioes
607 422 703 502 from
719 420 883 505 Leosric’c
900 421 1179 501 Sacramentum.

275 623 492 688 Oonsecratio
510 623 723 688 Ohrismatis.

272 726 488 789 Exorcismus
506 726 590 790 Olei.

198 828 247 889 13.
274 827 491 890 Oonsccratio
508 828 604 911 Ignis
624 832 659 890 et
675 826 771 891 Cerei
788 827 837 912 (in
855 828 1002 894 Sabbato
1020 827 1170 912 Sancto.)

196 930 247 992 14.
273 929 528 993 Benedictiones
546 930 656 993 variae.

271 1056 300 1095 a.
317 1033 433 1106 fontis,
449 1032 547 1097 lactis
565 1037 601 1096 et
615 1032 737 1096 mellis.

270 1138 301 1199 b.
320 1136 427 1220 panis.

255 1259 297 1298 .c.
314 1257 499 1321 pomorum.

268 1340 300 1401 d.
317 1359 491 1421 pomorum
508 1344 543 1402 et
558 1337 723 1402 nucleum.

271 1464 299 1504 e.
317 1441 361 1505 ad
377 1441 495 1524 fruges
511 1462 626 1504 novas.

263 1547 286 1609 f.
304 1545 382 1606 vini.

269 1670 302 1732 g.
319 1648 438 1711 crucis.

268 1755 301 1816 h.
318 1771 419 1836 super
435 1773 520 1815 vasa
535 1752 569 1813 in
586 1754 724 1836 antiquo
740 1752 813 1817 loco
829 1759 971 1838 reperta.

269 1857 291 1919 i.
310 1855 415 1939 putei.
672 1842 675 1846 λ

195 1959 247 2023 15.
273 1958 390 2023 Oratio
407 1962 486 2042 post
500 1957 705 2022 mandatum.

196 2062 247 2124 16.
273 2061 391 2125 Oratio
408 2061 450 2125 ad
466 2062 605 2145 Agapen
621 2081 819 2144 pauperum.
862 2119 864 2123 ,

194 2165 245 2230 17.
272 2165 390 2227 Oratio
407 2163 449 2227 ad
466 2161 719 2247 Oapillaturam.

272 2267 390 2331 Oratio
406 2266 448 2330 ad
465 2266 593 2329 Barbas
608 2265 805 2330 tondendas.

196 2372 248 2435 18.
273 2370 391 2435 Oratio
408 2370 450 2434 ad
466 2369 701 2434 Diaconissam
717 2370 914 2434 faciendam.

195 2475 247 2538 19.
272 2472 468 2537 Benedictio
488 2471 647 2535 Vestium
662 2471 783 2536 Viduae
800 2472 853 2536 vel
869 2472 1030 2559 Virginis.

273 2575 469 2639 Benedictio
484 2574 650 2659 Virginis.

272 2679 325 2743 Ad
341 2679 518 2742 velandam
535 2678 692 2742 Viduam.

192 2781 246 2845 20.
272 2781 390 2845 Oratio
407 2781 448 2844 ad
471 2781 637 2843 Abbatem
655 2779 710 2842 vel
726 2781 941 2846 Abbatissam
957 2782 1154 2848 faciendam.

194 2888 246 2950 21.
269 2885 516 2951 Reconciliatio
533 2885 786 2949 Haereticorum.

191 2992 245 3055 22.
272 2989 390 3053 Oratio
407 3009 515 3072 super
531 3008 591 3050 eos
607 2988 662 3072 qui
680 2989 891 3052 morticinum
907 2989 1119 3054 comederint.

193 3097 245 3158 23.
271 3091 513 3157 Reconciliatio
551 3090 683 3155 Altaria
722 3092 779 3154 ubi
822 3091 1035 3156 homicidium
1077 3099 1293 3179 perpetratum

225 3197 337 3260 fuerit.

191 3302 243 3366 24.
268 3297 384 3362 Oratio
400 3317 460 3381 pro
477 3296 710 3379 regnantibus.

190 3405 243 3467 25.
268 3400 383 3465 Oratio
402 3420 503 3483 super
519 3398 716 3464 militantes.

188 3509 240 3569 26.
266 3502 526 3567 Benedictiones
543 3523 644 3585 super
661 3523 776 3587 regem
795 3502 926 3566 noviter
941 3501 1096 3569 electum.

191 3609 244 3676 27.
269 3606 448 3672 Orationes
479 3626 550 3688 quae
587 3605 734 3670 dicendae
765 3612 842 3670 sunt
876 3627 978 3692 super
1006 3608 1291 3698 Archiepiscopurn

225 3718 405 3794 autequam
421 3709 559 3793 pallium
577 3709 729 3794 accipiat.

196 3817 251 3880 28.
274 3812 527 3879 Benedictiones'
544 3810 577 3875 in
595 3812 800 3896 quotidianis
815 3813 932 3878 diebus
948 3817 983 3878 et
998 3834 1236 3902 super-regem.
