2940 4996
531 409 714 472 Ordinatio
729 410 965 473 Sacerdotnm.
1281 405 1322 466 41

204 613 403 694 Antequam
416 613 552 677 dicatur
563 611 705 677 collecta
716 614 765 675 ad
774 611 1016 692 complendum,
1022 621 1132 692 ponat
1141 613 1321 692 episcopus

158 735 284 778 manus
299 737 404 797 super
419 716 538 796 capita
553 715 774 798 einpulorum,
791 717 907 778 dicens
922 737 929 778 :

203 817 326 902 Accipe
353 817 513 901 Spiritum
540 824 710 882 sanctum:
738 839 876 900 quorum
902 815 1072 880 remiseris
1097 821 1242 898 peccata,
1266 839 1318 881 re·

158 918 338 983 mittentur
353 920 412 993 eis,
428 925 463 984 et
478 941 616 1004 quornm
632 918 820 995 retinueris,
835 924 967 983 retenta
983 923 1090 982 erunt.

206 1020 288 1080 Tunc
301 1023 397 1080 trahat
417 1022 570 1098 unicuique
589 1023 716 1081 casulam
729 1022 763 1080 in
775 1022 841 1079 sinu
850 1041 905 1099 per
923 1021 1062 1098 scapulas,
1077 1020 1204 1079 osculans
1218 1041 1279 1079 eum
1294 1029 1319 1078 et

159 1115 257 1174 dicent
268 1139 278 1175 :

204 1211 276 1274 Pax
292 1216 411 1275 tecum.

208 1314 400 1378 Ordinatur
415 1313 619 1395 respondeat
631 1338 641 1374 :

205 1414 339 1480 Etcum
356 1415 475 1500 spiritu
491 1422 560 1479 tuo.

202 1515 246 1575 Et
253 1539 308 1595 per
321 1538 422 1576 manus
435 1517 603 1575 commendet
615 1537 643 1575 ee
656 1517 829 1575 orationibus
843 1537 938 1575 eorum
952 1515 1045 1574 dicens
1060 1539 1068 1573 :

206 1613 274 1677 Ora
288 1634 347 1696 pro
363 1634 425 1688 me,
440 1613 555 1677 frater.

203 1718 369 1799 Sequitur
384 1716 545 1797 specialis
560 1717 713 1796 ipsorum
730 1716 927 1780 benedictio.

218 1818 410 1883 Benedictio
437 1819 500 1882 Dei
525 1817 671 1892 Pat1⁴ris
698 1824 732 1881 et
757 1818 884 1901 Fiunt,
912 1822 947 1881 et
974 1816 1117 1901 Spiritus
1139 1815 1179 1896 *1⁴
1203 1818 1315 1883 Sancti

158 1922 343 1986 descendat
365 1942 465 2004 super
482 1942 563 1997 vos;
586 1928 624 1984 ut
645 1921 719 1984 sitis
739 1921 902 1984 benedicti
922 1921 956 1982 in
979 1921 1091 1983 ordine
1108 1921 1315 1997 sacerdotali,

157 2030 196 2088 et
211 2023 361 2088 offeratis
375 2022 555 2107 placabiles
576 2023 704 2086 hostias
724 2043 784 2105 pro
804 2022 948 2106 peccatis
964 2027 1064 2106 atque
1079 2023 1315 2086 offensionibus

157 2125 284 2211 populi,
300 2125 518 2207 omnipotenti
540 2125 621 2200 Dec,
637 2125 689 2188 cui
713 2132 764 2189 est
784 2125 890 2188 honor
908 2129 942 2189 et
956 2125 1074 2209 gloria.
1118 2125 1184 2188 Per
1206 2126 1315 2188 omnia

159 2227 283 2292 saecula
298 2227 500 2291 saeculorum.
544 2230 661 2291 Amen.

208 2332 369 2396 Omnibus
385 2331 538 2411 cupietis,
549 2339 724 2411 proponat
740 2331 788 2393 eis
805 2331 980 2410 episcopus
991 2352 1001 2390 :

205 2433 288 2517 Quia
302 2446 470 2516 res'quam
493 2432 669 2496 tractaturi
692 2433 784 2507 estis,
801 2432 883 2495 satis
906 2430 1092 2514 periculosa
1114 2435 1175 2507 est,
1191 2430 1314 2496 iratres

155 2534 332 2610 carissimi,
358 2555 475 2597 moneo
501 2555 561 2597 vos
588 2539 627 2597 ut
656 2533 833 2619 diligenter
861 2539 895 2596 et
909 2533 1047 2596 honeste
1073 2533 1177 2596 totins
1207 2534 1315 2598 missac

157 2638 320 2712 ordinem,
337 2641 371 2700 et
394 2637 683 2712 consecrationem,
700 2643 734 2700 et
754 2637 958 2712 fractionem,
975 2642 1073 2719 atque
1097 2636 1315 2699 communica·

155 2743 294 2816 tionem,
317 2740 359 2803 ab
382 2737 457 2802 aliis
475 2738 546 2819 jam
568 2740 674 2802 doctis
702 2738 928 2802 sacerdotibus
952 2738 1098 2814 discatis,
1122 2739 1314 2823 priusquam

157 2844 299 2909 missam
315 2846 451 2905 cantare
466 2842 686 2925 praesumatis.

202 2945 260 3002 Hic
273 2944 443 3020 injunputur
456 2943 495 3000 eie
508 2943 607 3019 aliqua
630 2942 798 3019 quotidiana
808 2941 984 3019 poenitentia,
1000 2942 1049 3000 Ps.
1072 2942 1121 3000 Ad
1136 2951 1165 3001 te
1187 2943 1313 3002 Domine

156 3041 261 3110 levavi,
275 3039 317 3096 uei
331 3037 438 3114 aliquis
458 3037 533 3094 alius
542 3037 680 3114 psalmus,
694 3037 736 3094 vei
756 3036 911 3113 antiphona
925 3056 989 3094 aum
1002 3057 1082 3094 uersu
1102 3044 1127 3094 et
1145 3037 1267 3095 oratione
1281 3038 1314 3095 de

163 3134 312 3194 Trinitate
324 3132 367 3190 uei
384 3131 473 3190 Cruce
486 3132 528 3189 uei
540 3139 637 3189 saneta
651 3132 763 3191 Maria.

206 3310 287 3370 Tunc
300 3310 461 3388 incipiatur
474 3310 642 3383 communio,
657 3319 682 3369 et
694 3311 810 3369 dicatur
823 3310 935 3369 collecto
948 3311 1040 3368 micea
1053 3309 1092 3368 nd
1105 3309 1307 3386 complendum.
