2940 4996
409 403 627 477 Consecratio
643 407 770 472 altaris
786 410 858 472 sine
874 408 1041 472 Ecclesia.
1234 407 1298 471 109

187 601 269 662 Tace
289 604 323 664 de
337 607 403 685 ipsc
423 628 498 686 apae
516 610 652 670 crismate
664 613 762 689 jaciat
780 633 888 672 crucem
907 614 941 671 in
960 612 1052 671 medio
1073 633 1174 671 menroe
1194 613 1296 671 attente

139 696 245 756 dicens.

187 795 463 880 Sanctidsficetur
482 807 545 873 hoc
561 807 680 873 altare.
724 807 764 871 In
778 792 910 870 nomine
925 804 1072 877 Pa>1⁴tris
1088 808 1123 870 et
1138 805 1251 881 Fiffllii
1266 810 1301 869 et

139 896 290 982 Spiritus
303 902 340 976 >1⁴
356 904 479 975 Sancti.
523 913 641 977 Amen.

184 1001 256 1066 Pax
272 1004 342 1070 tibi.

186 1102 321 1170 Etcum
338 1110 459 1194 spiritu
475 1117 545 1178 tuo.

179 1203 293 1265 Deinde
306 1209 339 1266 ia
352 1212 465 1272 destera
483 1223 565 1293 parte
579 1222 663 1294 atque
675 1216 709 1274 in
728 1216 856 1285 sinistra,
866 1235 920 1292 per
937 1221 1058 1290 quatuor
1077 1233 1183 1271 cornua
1197 1212 1299 1271 artam

127 1303 232 1380 saciat
250 1309 385 1371 similiter
398 1334 500 1388 cruces,
513 1325 635 1395 repetens
649 1319 683 1376 ia
703 1317 826 1394 qualibet
838 1316 969 1374 unctione
982 1315 1064 1372 cerba
1080 1315 1253 1391 paroemiam
1273 1324 1299 1373 et

140 1409 240 1478 postea
253 1425 317 1463 cam
330 1408 446 1487 hyssopo
459 1422 589 1490 asperent
602 1414 636 1472 de
648 1414 745 1491 prima
760 1433 836 1489 aqua
850 1432 906 1470 noa
920 1411 1062 1469 crismate.

180 1497 292 1558 Eodem
302 1504 384 1561 modo
397 1515 538 1582 repetatur
546 1529 602 1586 pro
612 1509 732 1586 quotibet
745 1507 842 1576 altari,
854 1507 881 1563 si
888 1505 978 1582 ptura
991 1512 1056 1561 snat
1066 1525 1078 1574 ;
1098 1503 1193 1581 ipsam
1207 1503 1299 1562 attare

133 1601 240 1669 septem
254 1596 361 1655 vicibus
381 1600 424 1656 vel
442 1601 531 1659 tribus
551 1602 729 1680 aspergendo,
743 1599 907 1678 incipiendo
927 1598 1114 1676 antiphonam
1133 1605 1297 1674 sequentcm,

137 1707 227 1762 quam
241 1689 338 1749 clerici
347 1705 563 1772 prosequantur.

185 1974 358 2061 Asperges
395 1999 448 2042 me
478 1981 639 2065 bysso-pc
664 1985 699 2045 et
721 1979 859 2043 mun-da
874 1979 963 2042 -bor
999 1975 1033 2040 la
1049 2015 1061 2026 -
1077 1997 1120 2041 va
1136 1977 1216 2040 -bis
1245 1997 1297 2038 me

134 2154 854 2275 Q

135 2303 172 2363 et
197 2320 314 2386 su=per
328 2302 363 2366 ni
379 2342 393 2353 -
408 2326 483 2368 vem
499 2305 539 2369 de
555 2343 568 2354 -
583 2305 616 2371 al
633 2343 646 2356 -
661 2307 705 2370 ba
720 2344 733 2354 -
748 2306 818 2369 bor.

180 2626 227 2690 ln
244 2630 585 2709 temporeaPasctati,
601 2630 635 2696 al
650 2669 664 2680 -
679 2630 711 2693 le
727 2667 740 2678 -
755 2628 857 2712 lu-ya.

277 2807 1074 2929 Q

178 2954 239 3018 Pa.
285 2954 778 3018 Mi·se-re-reme-iDe-us.
823 2953 883 3016 A·
913 2973 1028 3016 -mem

178 3052 262 3111 Tunc
275 3055 417 3133 episcopm
430 3055 541 3114 rediens
554 3055 594 3113 ad
605 3054 728 3131 predam
741 3053 853 3125 attaris,
867 3053 954 3111 dicat.

180 3148 333 3214 Oremus.

182 3253 316 3317 Oratio.
361 3252 507 3317 Pateant
536 3253 578 3317 ad
604 3253 667 3315 hoc
697 3250 805 3315 altare
835 3270 934 3315 aures
959 3250 1192 3317 misericordiae
1218 3259 1294 3332 tuae,

133 3374 336 3437 quaesumus,
362 3351 515 3431 Domine,
538 3355 693 3439 precibus
721 3353 992 3438 supplicantium,
1016 3359 1050 3418 et
1075 3358 1220 3439 gratiam
1246 3359 1296 3422 diu

132 3456 287 3521 vinitatis
299 3460 364 3522 tuce
380 3479 441 3541 per
455 3458 664 3542 praesentiam
683 3457 796 3521 Sancti
810 3456 954 3540 Spiritus
972 3478 1072 3540 super
1082 3458 1172 3523 istud
1187 3461 1294 3526 altare

131 3560 317 3624 clementer
332 3580 486 3644 asperge,
502 3582 541 3623 ac
563 3559 792 3623 intercedente
807 3560 908 3624 beata
923 3558 987 3622 Dei
1009 3561 1169 3644 genitrice
1187 3564 1297 3629 Maria

131 3683 207 3726 cum
231 3662 331 3725 beato
352 3661 408 3737 Ν.,
424 3661 459 3723 in
480 3661 575 3744 cujus
597 3661 812 3725 veneratione
835 3661 898 3723 hoc
920 3660 1028 3725 altare
1052 3683 1294 3744 consecramus,

131 3784 243 3829 annue
266 3767 305 3827 ut
327 3762 395 3827 vivi
410 3762 540 3848 lapides
563 3768 671 3848 perte
694 3763 865 3847 erigamur
887 3763 920 3825 in
944 3761 1045 3838 coelis,
1058 3765 1162 3828 sacris
1184 3771 1295 3833 tecum

131 3867 343 3953 permansuri
366 3867 522 3942 aedificiis,
538 3872 638 3951 atque
661 3871 699 3931 ut
718 3865 911 3951 petentibus
933 3864 987 3928 hic
1008 3865 1198 3933 desiderata
1218 3893 1296 3935 con-

130 3970 241 4045 cedas,
258 3968 420 4033 Paracliti
442 3969 492 4033 tui
504 3968 700 4053 ‘inspirante
716 3967 902 4042 clementia,
919 3966 1019 4030 corda
1038 3972 1154 4034 nostra
1176 3972 1294 4040 divinae

125 4071 298 4157 sapientiae
314 4071 523 4136 condimento
536 4071 718 4136 elementer
733 4091 892 4155 expurga,
905 4073 944 4133 ut
958 4069 1019 4133 tibi
1035 4069 1160 4153 placita
1174 4083 1291 4160 postu.

128 4174 212 4249 lare,
229 4178 264 4237 et
285 4173 394 4258 petita
417 4195 438 4238 a
459 4179 493 4238 te
517 4174 696 4259 dignanter
717 4179 787 4238 ate
811 4171 961 4236 obtinere
984 4192 1181 4240 mereamur.
1225 4180 1291 4245 Per

129 4276 273 4341 eundern
304 4275 484 4340 Dominum
514 4281 675 4341 nostrum.
732 4275 773 4339 In
802 4274 934 4338 unitate
965 4273 1113 4357 ejusdem
1145 4278 1290 4364 Spiritus

131 4379 246 4445 Sancti
261 4377 365 4442 Deus.
