2940 4996
483 403 740 468 Benedictiouee
755 403 989 483 Episcopatcs.
1247 402 1309 464 191

201 573 331 657 Detque
348 573 444 638 vobis
466 595 578 639 veram
595 577 756 639 mentium
779 574 1014 650 innocentiam,
1032 574 1088 657 qui
1113 595 1214 653 super
1229 572 1312 636 Uni-

155 676 306 760 genitum
341 697 437 740 suum
469 676 630 761 Spiritum
666 677 825 742 Sanctum
859 677 1082 740 demonstrari
1116 675 1222 741 voluit
1250 698 1312 761 per

155 777 352 854 columbam,
387 801 491 863 eaque
524 780 651 846 virtute
689 788 819 846 mentes
857 786 977 844 vestrae
1012 785 1232 843 exerceantur
1268 780 1311 842 ad

157 881 379 966 intelligenda
393 883 512 946 divinae
526 882 614 969 legis
629 905 763 961 arcana,
775 905 842 968 qua
857 883 891 946 in
908 881 1000 946 (lana
1016 881 1158 948 Galilaea
1174 882 1311 966 lympha

158 991 210 1051 est
226 987 260 1048 in
275 987 390 1050 vinum
406 1009 579 1053 conversa.
624 990 742 1054 Amen.

201 1089 294 1173 Quod
309 1090 393 1175 ipse.

196 1308 367 1368 Benedictio
381 1311 414 1370 ia
427 1312 475 1370 dic
489 1311 712 1389 Pam‘ficote'ouis
726 1314 810 1372 beotoe
824 1313 940 1372 Murice.

201 1524 417 1610 Omnipotens
439 1526 542 1604 Deus,
565 1527 622 1611 qui
649 1527 867 1613 Unigenitum
895 1550 990 1592 suum
1016 1528 1179 1593 hodierna
1203 1530 1256 1593 die
1280 1532 1312 1594 in

160 1636 331 1715 assumpta
344 1653 443 1695 carne
459 1633 493 1695 in
509 1631 634 1715 templo
650 1633 756 1697 voluit
771 1634 977 1718 praesentari,
992 1633 1232 1697 benedictionis
1248 1656 1315 1698 suae

162 1754 218 1798 vos
234 1754 369 1797 munere
385 1735 489 1799 fultos
500 1734 596 1798 bonis
613 1735 769 1818 operibus
784 1735 886 1799 faciat
902 1735 1067 1799 exornari.
1111 1737 1228 1799 Amen.

200 1836 245 1900 Et
268 1836 431 1919 quicum,
455 1844 493 1902 ut
515 1837 624 1922 legem
648 1838 857 1923 adimpleret,
880 1839 1071 1903 ministrum
1098 1838 1205 1903 voluit
1230 1839 1312 1903 effici

160 1939 252 2024 legis,
262 1944 392 2003 mentes
403 1946 535 2005 vestras
547 1942 695 2006 instruat
705 1940 790 2025 legis
802 1962 868 2005 suec
879 1940 1085 2026 spiritalibus
1098 1941 1314 2005 documentis.

163 2044 275 2106 Amen.

198 2145 268 2228 Quo
293 2145 324 2208 ei
349 2151 383 2209 et
405 2166 465 2228 pro
491 2147 691 2225 turturibus,
715 2148 884 2212 castitatis
911 2167 970 2210 seu
998 2144 1152 2210 caritatis
1175 2166 1313 2209 munera

160 2249 277 2312 offerre
299 2247 454 2324 valeatis
470 2254 505 2313 et
527 2270 587 2333 pro
603 2251 706 2336 pullis
729 2251 967 2325 columbarum,
984 2247 1194 2333 spiritalibus
1216 2248 1312 2310 donis

160 2351 360 2416 exuberetis.
405 2354 522 2415 Amen.

200 2453 293 2537 Quod
308 2453 392 2539 ipse.

193 2692 235 2751 Iu
252 2692 396 2752 Catbcdra
413 2693 442 2752 S.
459 2695 550 2753 Petri.
595 2694 771 2752 Benedictio.

196 2890 296 2967 Deus,
314 2891 371 2973 qui
387 2891 421 2953 in
436 2912 547 2954 rerum
571 2892 778 2955 sensibilium
801 2892 947 2977 speculis
969 2891 1130 2976 mysteria
1146 2913 1208 2957 sua
1222 2914 1312 2958 rese·

156 3000 218 3069 rat,
242 2994 410 3057 mentibus
437 2994 625 3079 peregrinis
653 2996 781 3079 aperiat
808 2997 903 3060 vobis
929 2995 1131 3059 cathedralis
1155 2999 1315 3080 mysteria

157 3096 318 3160 veritatis.
363 3097 481 3159 Amen.

201 3199 329 3282 Quique
353 3198 582 3282 apostolorum
605 3203 784 3286 principem
807 3224 866 3287 pro
889 3199 1091 3265 declaranda
1106 3200 1318 3284 apostolatus

159 3303 346 3378 eminentia,
374 3301 483 3366 voluit
512 3303 546 3365 in
576 3306 737 3368 cathedra
766 3305 891 3389 regalis
923 3303 1100 3366 sacerdotii
1131 3303 1315 3382 sublimari,

161 3405 258 3468 corda
284 3411 398 3469 vestra
427 3405 567 3471 inclinet
591 3408 626 3471 in
652 3408 874 3472 obedientiam
905 3405 1060 3469 culminis
1087 3404 1316 3470 ecclesiastici.

162 3511 277 3571 Amen.

201 3611 270 3695 Quo
287 3611 392 3695 ipsius
407 3611 571 3676 humiliati
592 3614 789 3690 reverentia,
808 3611 940 3697 probati
964 3611 1124 3695 imperiis,
1140 3616 1176 3674 et
1191 3612 1314 3696 magis-

162 3713 254 3776 teriis
270 3713 388 3789 edocti,
405 3735 425 3776 a
440 3713 551 3789 Petro,
568 3714 694 3778 coelcsti
710 3715 887 3800 clavigero,
905 3715 939 3776 in
955 3713 1028 3777 coeli
1043 3713 1185 3799 gloriam
1209 3735 1316 3778 merc-

165 3816 262 3879 amini
277 3816 453 3881 introduci.
499 3820 616 3881 Amen.
1233 3824 1235 3827 '
