2940 4996
156 408 197 470 32
519 399 701 471 Ordinatio
718 411 957 474 Diaeoaorurn.

199 615 397 677 Benedictio
414 616 653 682 Diaconoram.

199 716 358 779 Dominus
374 718 553 783 vobiscum.

198 819 331 882 Etcum
349 819 473 903 Spiritu
490 827 557 885 tua.

199 921 347 985 Oramus.

135 1094 136 1098 η
198 1023 336 1087 Domine
364 1031 477 1089 sancte
502 1027 612 1102 Pater,
642 1028 721 1111 spei,
744 1028 831 1106 fidei,
854 1028 979 1114 gratiae,
1003 1032 1037 1091 et
1061 1026 1207 1090 omnium
1236 1047 1307 1108 pro-

154 1125 298 1189 fectuum
323 1134 524 1203 munerator,
546 1129 601 1210 qui
624 1130 658 1192 in
679 1129 868 1194 coelestibus
892 1135 927 1194 et
948 1129 1091 1194 terrenis
1114 1128 1305 1213 angelorum

155 1228 349 1290 ministeriis
376 1230 496 1312 ubique
523 1230 703 1314 dispositis,
726 1253 785 1315 per
807 1233 916 1297 omnia
939 1232 1104 1295 elementa
1125 1229 1307 1293 voluntatis

155 1335 219 1392 tuac
249 1331 406 1393 diffundis
436 1333 610 1408 effectum3
641 1333 702 1394 hos
733 1354 861 1417 quoque
893 1332 1037 1397 famulos
1065 1337 1142 1396 tuos
1174 1332 1308 1415 speciali

156 1433 293 1516 dignare
316 1434 486 1497 illustrare
510 1440 656 1518 aspectu,
673 1440 710 1498 ut
731 1435 799 1499 tuis
822 1436 989 1518 ohsequiis
1012 1434 1167 1518 expediti,
1184 1435 1307 1498 sanetis

156 1535 223 1598 tuis
239 1534 400 1598 altaribus
416 1535 559 1599 ministri
575 1536 649 1620 puri
665 1542 865 1613 accrescant,
878 1543 913 1600 et
927 1536 1134 1621 indulgentia
1148 1537 1308 1620 puriores,

156 1657 268 1698 eorum
291 1638 407 1720 gradu,
431 1659 514 1721 quos
537 1637 679 1721 apostoli
701 1638 751 1701 tui
774 1639 807 1700 in
832 1639 1019 1722 septenario
1042 1658 1189 1714 numero,
1210 1640 1308 1702 beato

155 1738 323 1820 Stephano
345 1741 426 1801 duce
450 1762 488 1803 ac
510 1740 641 1822 praevio,
666 1739 792 1822 Spiritu
820 1741 941 1804 Sancto
967 1745 1101 1803 auctore
1125 1740 1309 1824 elegerunt,

155 1840 245 1923 digni
256 1841 420 1903 exsistant
429 1847 463 1904 et
474 1842 653 1906 virtutibus
664 1842 828 1905 universis
838 1842 957 1926 quibus
966 1842 1028 1906 tibi
1041 1841 1157 1905 serviri
1169 1847 1310 1925 oportet,

153 1942 308 2005 instructi
344 1942 503 2025 polleant.
565 1945 630 2007 Per
666 1944 843 2007 Dominum
880 1949 1041 2007 nostrum.
1101 1943 1142 2006 In
1181 1943 1310 2008 unitate

155 2044 313 2127 ejusdem.

200 2144 280 2202 Tana
293 2145 342 2202 aa
355 2146 406 2221 qai
427 2145 544 2203 tecturas
559 2153 596 2202 est
617 2145 816 2221 Evanpetiam,
831 2146 972 2203 incarnato
984 2145 1066 2222 prius
1086 2145 1189 2202 attaris
1209 2146 1313 2218 medio,

155 2240 368 2298 benedictionem
390 2248 477 2317 petat,
506 2240 553 2296 cai
579 2241 606 2297 si
632 2261 718 2298 novas
744 2241 790 2311 sit,
819 2239 960 2317 episcopus
987 2239 1083 2297 tradat
1113 2239 1312 2313 dalmaticam,

153 2335 256 2405 dicens,

198 2429 319 2492 Induat
334 2435 368 2493 te
384 2429 545 2492 Dominus
562 2429 759 2492 vestimento
776 2429 905 2493 salutis.

195 2531 275 2587 Tana
288 2531 423 2588 diaconas
436 2530 613 2601 humiliatas,
628 2530 714 2588 dicat.

197 2625 219 2688 J
221 2626 283 2688 ube
301 2626 440 2688 Domine
456 2625 658 2688 benedicere.

198 2728 390 2806 Episcopus
405 2729 619 2807 respondeat.

198 2827 360 2892 Dominus
384 2830 428 2892 sit
450 2829 482 2890 in
507 2829 603 2892 eorde
626 2833 684 2892 tuo
708 2830 798 2892 etin
821 2850 877 2891 ore
902 2834 958 2892 tuo
975 2827 1015 2891 ad
1033 2831 1313 2910 pronuntiandum

157 2937 307 2994 sanetum
324 2931 542 3015 Evangelium
559 2931 659 3015 pacis.
705 2932 744 2993 In
759 2932 891 2995 nomine
906 2931 1027 3006 Patris,
1045 2934 1100 3012 dc.

200 3034 425 3117 Evangeliam
440 3036 620 3096 secandam
636 3034 776 3096 Lucam.

213 3140 308 3199 Anno
339 3136 580 3220 quintodecimo
611 3137 740 3219 imperii
775 3135 898 3198 Tiberii
933 3133 1083 3209 Oaesaris,
1113 3151 1314 3218 procurante

158 3240 275 3304 Pontio
309 3239 417 3302 Pilato
450 3239 471 3302 J
475 3239 608 3314 udaeam,
643 3239 814 3302 tetrarcha
847 3245 957 3300 autem
992 3236 1132 3300 Galilaeae
1167 3238 1313 3315 Herode,

156 3343 308 3426 Philippo
329 3347 440 3405 autem
456 3341 560 3404 fratre
576 3342 649 3424 ejus
668 3340 839 3405 tetrarcha
861 3339 987 3403 Ituraeae
1010 3343 1044 3401 et
1066 3339 1313 3404 'trachonitidis

156 3446 310 3529 regionis,
327 3450 362 3508 et
376 3443 521 3527 Lysania
537 3442 683 3526 Abylinae
704 3442 883 3516 tetrarcha,
901 3441 961 3503 sub
985 3439 1187 3524 principibus
1203 3461 1313 3505 sacer-

156 3548 269 3609 dotum
297 3549 393 3608 Anna
419 3550 454 3607 et
481 3543 626 3625 Caipha:
656 3544 781 3607 factum
812 3548 864 3606 est
890 3543 1026 3604 verbum
1052 3540 1183 3604 Domini
1211 3563 1312 3625 super

155 3647 352 3721 iohannem,
376 3645 542 3709 Zachariae
565 3645 679 3721 filium,
710 3644 743 3707 in
767 3644 908 3707 deserto.
953 3644 998 3706 Et
1009 3642 1101 3707 venit
1122 3643 1156 3704 in
1179 3664 1310 3708 omnem

157 3748 325 3831 regionem
350 3747 517 3823 iordanis,
540 3747 722 3829 praedicans
748 3746 948 3829 baptismum
976 3744 1173 3828 poenitentia
1200 3746 1235 3808 in
1262 3767 1314 3810 re·

157 3849 347 3911 missionem
363 3856 582 3932 peccatorum.
630 3847 722 3911 Sicut
734 3847 891 3930 scriptum
908 3846 1009 3908 estin
1025 3847 1110 3909 libro
1123 3867 1312 3911 sermonum

157 3949 264 4012 Esaiae
294 3950 481 4033 prophetae:
513 3951 589 4012 Vox
620 3949 795 4013 clamantis
825 3949 859 4010 in
889 3948 1041 4011 deserto:
1072 3948 1193 4011 Parate
1224 3950 1312 4014 viam

158 4049 311 4112 Domini:
333 4058 441 4113 rectas
457 4052 555 4115 facite
573 4052 710 4116 semitas
726 4050 807 4132 ejus.
855 4049 968 4112 Omnis
985 4049 1082 4112 vallis
1098 4049 1311 4135 implebitur:

158 4159 192 4214 et
222 4151 328 4213 omnis
359 4173 452 4216 mons
483 4161 518 4217 et
548 4153 643 4216 collis
670 4152 920 4216 humiliabitur:
951 4156 985 4214 et
1015 4157 1112 4216 erunt
1142 4173 1248 4235 prava
1277 4157 1309 4216 in

155 4255 291 4330 directa,
322 4261 356 4319 et
386 4277 504 4339 aspera
534 4257 568 4320 in
600 4257 670 4321 vias
701 4257 842 4342 planas:
878 4262 912 4319 et
941 4256 1065 4319 videbit
1096 4258 1203 4322 omnis
1235 4281 1310 4322 caro

157 4358 302 4422 salutare
319 4358 391 4421 Dei.
416 4359 463 4443 (S.
479 4359 557 4422 Luc.
574 4360 618 4422 iii.
636 4360 711 4442 1-6)
