2940 4996
500 423 547 484 Dc
564 421 685 484 Pallio
702 422 974 503 Arctiepiscopi.
1204 377 1210 384 Ι
1249 419 1313 482 353

156 606 330 691 irrigatum
365 610 527 674 virtutum
558 613 724 674 fructibus
760 632 911 675 crescere
947 615 982 674 et
1016 597 1125 673 coram
1160 609 1311 689 omnibus
1346 612 1364 672 ,’

156 709 341 775 clarescere
359 716 531 791 concedas,
546 721 583 778 ut
598 716 672 797 ejus
689 716 760 779 vita
773 715 850 778 aliis
862 714 972 798 possit
986 713 1138 796 exempla
1156 713 1313 796 praebere.

158 813 208 877 Sit
239 816 269 878 ei
300 817 408 881 honor
438 819 543 902 pallii,
571 824 802 882 ornamentum
833 819 963 893 animae,
991 825 1026 880 et
1056 816 1143 878 unde
1173 815 1309 880 advenit

155 917 327 1003 fastigium
344 922 476 985 visibile
498 923 572 985 inde
588 923 745 985 florescat
761 942 854 986 amor
873 920 1064 983 invisibilis.
1112 919 1183 982 Tua
1198 919 1312 982 divina

157 1024 405 1104 potentiacum
434 1027 647 1099 corroboret;
672 1025 735 1088 Tui
758 1025 839 1088 Filii
865 1025 973 1088 virtus
998 1024 1128 1086 viscera
1154 1022 1228 1104 ejus
1254 1023 1312 1085 foe-

156 1126 296 1202 cundet3
321 1129 384 1190 Tui
408 1128 552 1212 Spiritus
574 1129 687 1213 gratia
707 1129 869 1193 interiora
896 1128 970 1210 ejus
990 1125 1139 1210 impleat.
1185 1126 1249 1188 Per
1275 1131 1309 1189 te

155 1232 344 1296 firmitatem
370 1234 444 1297 fidei
472 1233 651 1296 Catholicae
678 1256 743 1297 non
771 1233 878 1296 solum
908 1233 1040 1296 sibimet
1069 1229 1225 1294 servandi
1252 1230 1310 1292 sed

156 1334 256 1398 etiam
290 1336 373 1400 alios
413 1337 552 1399 docendi
591 1358 693 1400 causa
730 1342 918 1400 conservet.
963 1337 1028 1400 Per
1065 1340 1099 1399 te
1135 1333 1308 1397 Cathedrae

157 1437 365 1522 Episcopalis
397 1447 431 1503 et
461 1440 620 1503 Ecclesiae
653 1440 856 1504 universalis
889 1444 1019 1503 scutum
1050 1460 1116 1502 non
1152 1436 1259 1500 solum
1291 1448 1311 1500 a

157 1542 386 1624 spiritualibus
415 1544 472 1605 sed
501 1545 602 1609 etiam
631 1567 651 1607 a
678 1544 907 1627 corporalibus
934 1544 1035 1625 hujus
1059 1541 1169 1604 saeculi
1194 1541 1310 1604 adver-

157 1646 314 1708 sitatibus
341 1648 464 1709 habere
491 1652 670 1710 mereatur.
716 1649 780 1710 Per
803 1657 837 1710 te
860 1646 1051 1729 apostolicae
1076 1645 1252 1729 dignitatis
1275 1645 1308 1705 in
1413 1723 1416 1727 Ι

157 1749 246 1811 coelis
263 1756 296 1812 et
320 1751 353 1814 in
368 1751 470 1814 terris
488 1750 638 1813 solvendi
662 1757 696 1814 et
719 1751 845 1835 ligandi
869 1772 936 1813 non
958 1749 1065 1813 solum
1087 1768 1228 1831 corpora
1251 1747 1309 1810 sed

157 1858 192 1913 et
214 1854 352 1929 animas,
376 1854 490 1916 divina
512 1853 639 1917 ditatus
662 1853 782 1937 gratia,
799 1853 980 1917 dominium
1005 1851 1174 1935 suscipiat,
1198 1860 1237 1914 ut
1259 1851 1309 1914 ita

155 1955 264 2038 dignis
281 1957 492 2020 successibus
508 1956 627 2018 devote
644 1956 779 2041 degens,
794 1958 835 2020 ad
851 1956 1021 2020 destinata
1032 1955 1157 2019 sanetis
1173 1953 1308 2036 praemia

155 2061 361 2140 perveniens,
379 2066 536 2123 aternam
555 2062 698 2144 accipiat
713 2061 965 2124 beatitudinem.
1011 2061 1086 2124 Per.
