2940 4996
381 435 631 501 Reconciliatio
647 433 812 499 Ecclesia
827 432 880 498 vel
898 433 1098 498 Ommatcrii.
1275 431 1315 498 97

156 643 239 702 modo
259 642 319 719 siat
341 643 517 712 cotrimccm,
540 639 680 716 incipiens
707 639 742 696 ob
768 637 905 698 occidente
928 657 979 714 per
1005 637 1114 694 lorcam
1141 634 1180 692 ad
1202 641 1316 712 partem

157 736 324 795 orientalem
343 755 429 810 usqae
442 728 511 791 alum
530 733 625 792 redeat
640 754 694 810 per
707 733 855 790 sinistram
869 733 903 790 in
922 731 1088 789 occidentem
1102 729 1142 787 od
1160 730 1251 787 locam
1264 750 1318 805 qao

157 830 303 908 imepcrit.
346 829 381 888 Si
392 828 486 905 faerit
505 827 700 900 coemeteriam,
713 828 808 905 primo
828 828 862 885 in
874 826 1021 884 remotiori
1036 833 1129 902 parte,
1145 824 1265 882 secundo
1284 825 1317 882 iri

158 923 262 994 medio,
283 922 363 980 tertio
377 923 464 998 jueta
487 921 630 979 eccleciam
652 921 859 990 circumcundo,
881 929 907 979 et
926 920 1050 987 maaimc
1073 920 1107 978 in
1131 919 1188 976 loco
1211 919 1319 992 delicti,

158 1026 275 1094 sporqat
289 1036 395 1093 aquam
410 1016 589 1074 benedictam.

198 1112 323 1170 Interim
336 1117 463 1168 cantetur
476 1110 533 1167 liaec
546 1109 713 1188 antiplona.

202 1207 372 1290 Asperges
395 1224 457 1280 me,
473 1202 625 1280 Domine,
640 1206 784 1290 hyssopo
800 1209 836 1268 et
856 1202 1050 1279 mundabor,
1065 1200 1196 1268 lavabis
1216 1222 1268 1266 me
1284 1206 1319 1265 et

159 1308 386 1394 supernivem
401 1304 596 1370 dealbabor.

201 1413 261 1475 Pe.
307 1409 470 1473 Miserere
485 1409 549 1471 mei
565 1409 666 1472 Deus.
758 1445 769 1477 ,-

202 1514 253 1577 Et
267 1513 398 1577 dicitur
413 1513 485 1574 sinc
507 1509 623 1575 Gloria
637 1511 742 1576 Petri.

199 1613 256 1670 Ad
268 1631 490 1688 ariamqaemqae
503 1633 613 1670 versam
626 1621 767 1691 repetatur
781 1613 961 1690 Antiphone,
977 1612 1124 1692 Asperges
1136 1633 1193 1672 me.

202 1707 319 1766 Deinde
338 1707 448 1765 realicm
468 1707 507 1764 aal
527 1709 617 1766 locam
632 1709 763 1786 primam
781 1710 831 1768 abi
851 1711 987 1768 litaniam
1006 1710 1121 1783 dicerit,
1137 1710 1216 1769 dicat
1235 1708 1321 1768 istam

162 1805 319 1864 orationem
332 1822 396 1859 cam
411 1801 547 1861 Oremus.

208 1899 342 1964 Oratio.
387 1894 494 1959 Deum
514 1896 716 1961 indultorem
739 1897 924 1975 criminum,
939 1897 1046 1964 Deum
1070 1899 1215 1964 sordium
1230 1917 1324 1959 mun-

161 2001 323 2074 datorem,
338 1997 457 2074 Deum,
473 1998 530 2081 qui
554 2005 743 2063 concretum
765 2001 983 2086 originalibus
998 2002 1145 2085 peccatis
1166 1998 1325 2063 mundum

162 2104 327 2168 adventus
361 2101 413 2164 sui
446 2101 554 2165 nitore
591 2102 790 2184 purificavit,
825 2102 995 2186 supplices
1028 2104 1252 2188 deprecemur,
1286 2103 1326 2162 ut

162 2211 280 2269 contre
295 2202 417 2267 diaboli
439 2202 581 2267 furentis
596 2204 735 2268 insidias
759 2204 855 2268 fortis
873 2206 969 2269 nobis
992 2209 1159 2290 pugnator
1173 2203 1322 2276 assistat,

164 2312 198 2372 et
210 2304 366 2389 quiequid
378 2304 451 2387 ejus
460 2305 572 2369 virosa
583 2305 766 2370 ealliditate
779 2307 1044 2390 quotidianisque
1054 2304 1324 2370 infestationibus

163 2406 366 2473 maculatum
381 2407 435 2470 hic
450 2412 705 2491 corruptumque
726 2408 839 2486 fuerit,
855 2410 1017 2473 efficietur
1038 2408 1163 2474 coelesti
1180 2405 1326 2471 sanetifi-

163 2511 295 2575 oetione
311 2529 349 2573 ae
364 2508 578 2572 mundatione
590 2515 790 2595 purgatum3
814 2512 891 2595 qnia
908 2512 994 2576 sieut
1008 2510 1100 2574 iliius
1116 2515 1168 2575 est
1184 2508 1325 2574 solidum

164 2613 413 2698 perfectumque
426 2633 596 2694 quassare,
608 2613 658 2677 ita
672 2615 828 2679 Auctoris
840 2615 945 2679 nostri
957 2620 1010 2678 est
1025 2614 1121 2698 lapsa
1134 2617 1325 2677 restaurare

166 2722 202 2779 et
216 2718 375 2797 corrupta
389 2734 533 2798 purgare
546 2738 554 2791 3
578 2715 673 2796 eujus
688 2715 899 2798 majestatem
914 2736 1099 2801 precemur,
1114 2720 1153 2779 ut
1167 2715 1220 2779 hie
1236 2714 1329 2778 loeus
1434 2801 1436 2806 Ι

166 2817 228 2881 fiat
253 2816 297 2880 eb
326 2815 415 2879 omni
443 2815 626 2900 pollutione
651 2824 816 2902 purgatus
846 2824 881 2883 et
911 2819 1138 2883 sanctificatus
1162 2822 1263 2901 etque
1293 2816 1328 2878 in

167 2920 314 3004 priorem
332 2923 455 2982 statum
477 2919 656 2984 restitutus
672 2927 706 2984 et
727 2922 962 2986 reconciliatus
978 2943 1017 2986 ac
1040 2925 1202 2986 sacratus.
1219 2920 1330 2982 termi-

165 3023 284 3086 nando
306 3021 479 3096 cabmieee,
502 3021 567 3084 Per
589 3042 665 3085 eum
691 3024 804 3107 quiin
828 3024 993 3088 Trinitete
1015 3023 1164 3108 perfecta
1190 3021 1274 3085 vivit
1296 3024 1331 3083 et

166 3122 336 3208 gloriatur
349 3121 450 3185 Deus.

214 3398 282 3462 Per
296 3395 384 3459 omni
400 3432 414 3445 ·
425 3417 447 3459 a,
461 3396 610 3461 sae-eu-la
626 3418 725 3463 see-cu
737 3435 748 3448 ·
758 3398 890 3464 lo-rum.
939 3401 1068 3463 Amen.

172 3559 672 3678 Q

217 3703 411 3770 Domi-nus
426 3723 467 3766 vo
480 3703 647 3769 bis-eum.

173 3864 700 3984 Q

219 4009 356 4073 Etcum
372 4011 521 4094 spi-ri-tu
551 4018 590 4076 tu
604 4052 617 4064 ·
636 4035 665 4078 o.

174 4179 612 4290 ΞΞΞῙ

224 4317 382 4381 Sur-sum
397 4339 455 4381 eor
466 4357 478 4368 -
489 4319 542 4384 da.

269 4422 366 4485 Pont.
387 4421 427 4484 12
