2940 4996
206 429 270 492 316
415 418 429 445 ⁸
526 430 577 492 De
597 430 782 494 Ordinibus
801 431 1032 512 Conferondis.

207 685 225 713 ,‚
238 635 391 701 secundis
402 635 674 720 praedicatoribus
683 636 916 719 impleverunt.
959 634 1362 721 Quapropterinfirmituti

209 762 369 825 „quoque
392 745 525 815 nostrae,
543 739 697 815 Domine,
713 761 902 823 quaesumus
925 741 992 804 haec
1008 740 1205 823 adjumento
1228 739 1361 823 largire,

209 846 295 928 „qui
313 848 451 926 *quanto
483 843 591 926 magis
621 842 812 926 fragiliores
848 865 974 919 sumus,
1001 847 1097 906 tanto
1128 841 1182 906 his
1212 840 1362 925 pluribus

210 947 437 1030 „indigemus
483 945 544 1019 Du,
557 965 755 1027 quaesumus,
766 946 976 1028 omnipotens
989 946 1101 1020 Pater,
1111 945 1144 1007 in
1155 945 1245 1007 huno
1261 944 1363 1007 famu-

210 1050 310 1127 „lum
326 1055 419 1113 tuum
436 1047 637 1132 presbyterii
661 1047 870 1131 dignitatem,
886 1048 1010 1112 innovo
1033 1048 1066 1111 in
1088 1047 1275 1111 visceribus
1295 1047 1364 1130 ejus
1424 1083 1432 1099 ›

211 1152 403 1237 „Spiritum
427 1151 637 1225 sanctitutis3
665 1156 836 1235 acceptum
857 1172 878 1214 o
900 1156 945 1227 te,
967 1151 1071 1227 Deus,
1095 1150 1234 1214 secundi
1258 1149 1365 1213 meriti
1417 1134 1424 1149 '

211 1276 362 1334 „munus
378 1255 539 1329 obtinent,
555 1274 795 1337 censuramque
811 1275 940 1317 morum
963 1254 1116 1337 exemplo
1141 1276 1208 1318 suae
1233 1275 1366 1318 eonver-

214 1409 232 1437 ,‚
245 1358 386 1423 sationis
407 1357 563 1419 insinuet.
612 1356 662 1419 Sit
685 1357 808 1440 probus
832 1363 1029 1441 cooperator
1051 1356 1178 1420 ordinis
1199 1356 1318 1432 nostri,
1334 1361 1367 1420 et

214 1463 356 1540 „luceat
379 1461 412 1521 in
430 1480 469 1522 eo
492 1459 597 1522 totius
613 1459 721 1522 forma
739 1460 890 1542 justitiae,
907 1465 956 1535 ut,
972 1460 1092 1522 bonam
1116 1460 1284 1522 rationem
1301 1459 1364 1522 dis·

216 1563 455 1648 „pensationis
488 1562 551 1625 sibi
584 1562 718 1626 ereditae
751 1563 953 1638 redditurus,
984 1567 1115 1627 aeternae
1149 1562 1366 1627 beatitudinis

217 1717 236 1742 ‚‚
250 1666 384 1750 praemia
401 1670 634 1747 consequatur.
680 1665 744 1728 Per
759 1664 946 1729 Dominum.

217 1819 235 1846 ,‚
294 1769 539 1832 consecrentur
554 1788 673 1831 manus
683 1769 756 1831 istae
772 1789 831 1852 per
846 1769 946 1832 istam
963 1767 1154 1831 unctionem
1167 1773 1203 1831 et
1218 1773 1365 1832 nostram

216 1922 238 1949 „
248 1871 521 1945 benedictionem,
535 1875 574 1934 ut
588 1889 789 1953 quaeounque
801 1869 1044 1945 benedixerint,
1055 1869 1233 1934 benedicto
1245 1870 1322 1945 sint,
1335 1877 1367 1934 et

216 2025 234 2054 „
249 1995 450 2058 quaeounque
468 1972 749 2037 sanctificaverint
766 1973 1024 2037 sanctificentur.
1070 1973 1144 2035 Per.
