2940 4996
546 394 746 457 Benedictio
761 391 912 473 Repinoe.

469 785 759 867 [aussoreno
781 783 992 868 anema]

196 993 399 1055 Benedictio
415 996 542 1074 reyiaoe
556 993 706 1055 dicenda
720 995 758 1053 in
780 992 936 1073 inpressu
951 985 1112 1058 ecclesia,
1128 982 1309 1046 secandam

155 1097 308 1156 ordinem
325 1096 527 1156 Bouianum.

200 1197 417 1280 Omnipotens
430 1195 633 1279 sempiterne
650 1194 752 1270 Deus,
764 1192 840 1256 fons
856 1196 892 1256 et
907 1191 1001 1275 origo
1016 1189 1127 1254 totius
1142 1182 1311 1256 bonitatis,

156 1301 211 1382 qui
235 1300 379 1362 foeminei
406 1319 507 1361 sexus
534 1297 755 1382 fragilitatem
782 1316 992 1379 nequaquam
1020 1289 1235 1374 reprobando
1262 1285 1313 1348 ad·

156 1404 314 1476 versaris,
332 1401 389 1465 sed
405 1402 586 1485 dignanter
608 1399 853 1483 comprobando
875 1398 1042 1482 propitius
1065 1394 1186 1479 cligis;
1212 1387 1314 1471 etqui

156 1506 288 1567 infirma
303 1505 417 1567 muudi
433 1504 598 1589 eligendo,
613 1504 716 1567 fortia
736 1523 874 1586 quaeque
896 1500 1098 1565 confundere
1114 1493 1314 1566 decrevisti;

157 1609 281 1691 quique
308 1607 423 1690 gloriae
448 1609 652 1690 virtutisque
674 1612 739 1670 tuae
766 1606 985 1688 triumphum,
1008 1603 1043 1665 iu
1068 1622 1173 1664 manu
1198 1596 1312 1662 Judith

158 1711 297 1772 foeminae
322 1710 401 1772 olim
426 1710 573 1774 Judaicae
595 1710 685 1793 plebi
707 1710 748 1772 dc
772 1710 868 1771 hoste
893 1706 1076 1771 saevissimo
1099 1698 1314 1787 resignare*

157 1812 314 1886 voluisti3
345 1814 485 1896 respice,
512 1834 713 1897 quaesumus,
737 1831 854 1897 preces
884 1809 1088 1873 humilitatis
1118 1810 1254 1880 nostra,
1283 1805 1315 1864 et

157 1937 258 1998 super
282 1917 367 1979 hanc
393 1916 553 1979 famulam
580 1922 672 1980 tuam
699 1917 754 1992 N,
778 1936 877 1999 quam
905 1912 1047 1998 supplici
1073 1909 1255 1974 devotione
1280 1907 1313 1967 in

158 2020 308 2103 reginam
343 2020 508 2103 eligimus,
540 2019 806 2082 benedictionum
836 2023 968 2081 tuarum
1003 2016 1091 2078 dona
1120 2010 1316 2094 multiplica,

158 2144 297 2205 eamque
329 2123 467 2185 dextera
497 2129 562 2185 tuae
589 2122 726 2206 pietatis
756 2143 886 2206 semper
911 2128 947 2185 et
976 2120 1098 2201 ubique
1126 2113 1316 2186 circumda,

160 2227 269 2309 sitque
286 2226 426 2287 umbone
443 2226 636 2288 muniminis
652 2227 702 2288 tui
719 2226 863 2307 undique
886 2244 983 2288 secus
997 2223 1140 2286 firmiter
1155 2224 1316 2304 protecta,

159 2335 326 2412 quatenns
349 2327 493 2391 visibilis
514 2328 622 2391 hostis
650 2328 818 2411 nequitias
844 2326 1095 2410 triumphaliter
1123 2341 1316 2407 expugnare

158 2433 281 2507 valeat,
308 2438 343 2495 et
370 2452 437 2494 una
463 2452 536 2494 cum
564 2433 648 2496 Sara
674 2440 775 2515 atquc
801 2432 955 2496 Rebecca
981 2437 1016 2495 et
1040 2427 1179 2504 Rachel,
1208 2425 1316 2490 beatis

157 2536 414 2619 reverendisque
426 2536 580 2611 foeminis,
592 2537 705 2600 fructu
721 2538 810 2600 uteri
823 2537 874 2600 sui
886 2536 1066 2600 foecuudari
1079 2556 1140 2598 scu
1151 2529 1317 2618 gratulari

161 2646 331 2702 mereatur
360 2639 402 2702 ad
433 2640 585 2702 decorem
616 2641 721 2703 totius
751 2641 847 2725 regni
879 2645 1071 2724 statumque
1102 2645 1228 2704 sauctae
1257 2638 1319 2703 Dei

161 2741 308 2803 ecclesiae
344 2741 540 2825 regendum,
579 2763 707 2805 necnon
745 2743 997 2827 protegendum.
1043 2745 1116 2823 Per¹
1146 2744 1318 2806 Christum

159 2843 338 2906 Dominum
354 2849 516 2918 nostrum,
527 2845 582 2926 qui
600 2845 799 2908 intemerato
815 2846 931 2909 Mariae
942 2848 1048 2910 beatae
1064 2846 1208 2930 virginis
1223 2851 1319 2910 utero

160 2950 265 3024 nasci,
281 2957 316 3012 et
331 2950 480 3026 visitare,
497 2956 532 3014 et
547 2972 710 3014 renovare
726 2953 813 3016 hunc
834 2954 993 3038 dignatus
1009 2959 1062 3018 est
1077 2953 1248 3030 muudum,
1266 2953 1321 3037 qui

161 3062 271 3116 tecum
288 3053 371 3116 vivit
387 3059 421 3116 et
444 3054 611 3138 gloriatur
633 3054 726 3118 Deus
748 3056 782 3118 in
807 3057 937 3121 unitate
962 3058 1109 3141 Spiritus
1126 3058 1242 3121 Sancti
1264 3076 1323 3142 per

162 3157 365 3221 immortalia
382 3158 502 3221 saecula
518 3158 721 3222 saeculorum.
767 3160 885 3223 Amen.

202 3260 270 3316 Post
284 3261 357 3317 banc
370 3262 496 3336 sequitur
510 3261 669 3331 benedictio,
684 3262 806 3319 dicendo
819 3271 884 3320 aute
898 3263 997 3321 altare.

206 3355 310 3430 Deus,
327 3356 384 3436 qui
402 3356 493 3419 solus
510 3357 613 3420 habes
637 3358 935 3434 immortalitatem,
953 3359 1128 3442 lucemque
1151 3361 1323 3425 inhabitas

162 3459 439 3535 inaccessibilem,
472 3463 568 3544 cujus
602 3462 814 3545 providentia
846 3463 881 3525 in
917 3464 968 3526 sui
1001 3464 1224 3548 dispositione
1258 3487 1323 3529 non

162 3563 314 3636 fallitur3
340 3564 396 3645 qui
419 3564 528 3626 fecisti
556 3585 628 3645 quaa
650 3566 766 3629 futura
790 3571 878 3642 sunt,
900 3572 935 3631 et
961 3587 1061 3630 vocas
1088 3589 1129 3632 ea
1155 3589 1229 3652 quae
1257 3590 1323 3632 uon

165 3672 243 3729 sunt
260 3673 419 3747 tauquam
438 3686 477 3727 ea
500 3688 570 3748 quae
595 3674 690 3744 sunt;
715 3669 772 3751 qui
796 3672 958 3751 superbos
979 3691 1072 3753 ecquo
1095 3672 1322 3736 moderamine

165 3770 203 3830 de
231 3768 421 3849 principatu
449 3767 576 3848 dejicis,
605 3775 704 3852 atque
736 3771 880 3834 humiles
907 3772 1084 3856 dignanter
1113 3773 1148 3835 in
1181 3776 1322 3838 sublime

167 3871 340 3952 provehis;
364 3870 568 3934 ineffabilem
579 3873 839 3936 misericordiam
850 3881 942 3938 tuam
956 3875 1124 3958 supplices
1137 3897 1326 3957 exoramus,

168 3980 203 4035 ut
219 3974 306 4034 sicut
321 3973 471 4056 reginam
487 3975 615 4038 Hester
631 3996 731 4040 causa
754 3975 775 4039 J
777 3976 900 4040 udaicae
918 3977 1037 4041 salutis
1059 3978 1099 4041 de
1117 3981 1326 4065 captivitatis

166 4102 232 4142 suae
255 4081 411 4163 compede
435 4083 586 4158 solutam,
609 4083 651 4146 ad
673 4082 764 4167 regis
788 4084 929 4147 Assueri
952 4084 1138 4150 thalamum
1161 4091 1324 4174 regnique

164 4247 179 4279 *
201 4247 301 4300 Pontii.
317 4245 404 4318 Lacy,
426 4255 541 4319 patrare.
555 4252 589 4305 ol.
604 4252 633 4304 in
648 4252 818 4323 triumphum
834 4296 839 4307 .
855 4296 860 4308 .
875 4254 1025 4326 designare,
1039 4257 1197 4317 tinemuta.
