2940 4996
230 410 277 480 dl
624 413 812 482 Dediootr'o
824 413 1002 481 Ecclesia.

224 612 325 680 indue
340 636 402 681 nos
418 616 648 703 spiritualibus
663 617 765 683 armis
780 618 942 685 virtutum
957 623 992 686 et
1003 617 1129 685 invicta
1143 623 1267 686 sancta
1282 622 1399 689 crucis-

223 718 384 804 potentia‚
406 725 445 784 ut
471 725 587 785 contra
608 720 776 786 diabolum
799 721 991 807 pugnaturi,
1013 727 1049 788 tc
1075 722 1111 787 in
1137 723 1303 789 auxilium
1330 726 1392 791 ha·

222 823 361 887 beamus
373 846 381 898 ;
413 827 580 906 quatenus
609 822 815 906 triumphum
844 823 885 887 de
916 822 1032 908 iniqua
1045 809 1236 891 hostilitate
1262 826 1388 892 diaboli

222 925 453 1008 acquiramus:
481 930 516 990 et
541 924 657 1009 quiin
683 924 817 989 domum
844 926 990 990 Zacchaei
1013 927 1180 1010 quondam
1204 927 1387 994 miseratus

222 1029 431 1104 descendisti,
445 1029 488 1093 ad
498 1030 629 1093 domum
641 1050 772 1113 quoque
788 1031 882 1107 hanc,
895 1050 994 1113 quam
1007 1031 1247 1096 sanctificaturi
1260 1053 1385 1110 sumus,

221 1131 335 1196 venire
347 1132 495 1216 dignare,
507 1136 542 1196 et
551 1131 689 1215 populos
702 1131 759 1215 qui
770 1133 811 1197 ad
822 1133 895 1215 ejus
906 1131 1145 1198 dedicationem
1159 1135 1384 1213 convenerint,

221 1233 388 1320 spirituali
397 1233 519 1318 gaudio
529 1254 677 1310 munera,
689 1233 847 1299 Salvator
857 1235 981 1311 mundi,
991 1234 1133 1299 Domine
1143 1235 1165 1299 J
1166 1257 1228 1299 esu
1239 1235 1382 1316 Christe,

221 1339 279 1423 qui
301 1359 375 1401 cum
398 1339 498 1401 Patre
522 1341 557 1400 et
582 1337 705 1421 Spiritu
730 1337 862 1416 Sancto,
878 1339 965 1404 vivis
987 1344 1022 1404 et
1042 1361 1176 1426 regnas,
1195 1340 1303 1422 Deus,
1324 1364 1382 1430 per

222 1441 333 1506 omnia
348 1440 467 1503 saecula
482 1438 686 1503 saeculorum.
730 1440 847 1504 Amen.

261 1543 404 1614 Posthac,
413 1541 582 1618 praecedente
593 1561 680 1613 cruce,
691 1542 867 1600 cameratas
880 1550 905 1601 et
918 1549 1002 1616 textu,
1013 1563 1076 1602 com
1084 1545 1258 1622 processione
1267 1546 1380 1608 veniant

218 1644 283 1699 ante
297 1637 401 1694 ostium
415 1636 579 1694 dedicandae
592 1635 719 1708 ecclesie,
737 1637 810 1695 donc
823 1638 961 1696 sonoriter
974 1638 1116 1696 cantando
1130 1640 1330 1717 antiphonam.

557 1745 576 1782 Ι
1228 1756 1381 1777 -·----

265 1905 414 1967 Zac-chae
431 1941 443 1952 -
460 1925 478 1967 e
493 1903 596 1967 fes-ti·
607 1923 691 1967 nans
706 1903 878 1980 descende,
895 1905 965 1988 qui·
976 1926 997 1969 a
1011 1904 1105 1968 ho-di
1120 1927 1167 1969 -e
1190 1906 1226 1968 in
1242 1908 1284 1972 do
1300 1946 1314 1958 -
1328 1930 1381 1974 mo

219 2086 380 2114 v.,
652 2020 1379 2132 *affl

221 2189 259 2248 tu
275 2222 288 2231 ·
300 2204 321 2246 a
376 2203 409 2248 o·
421 2184 547 2264 por-tet
562 2200 614 2242 me
630 2200 793 2242 mane-re
808 2183 863 2242 :at
883 2179 955 2241 il-le
970 2179 1065 2243 fes-ti
1078 2201 1185 2244 -nans
1200 2181 1381 2260 descendit,

219 2366 1380 2456 amca:-

146 2513 150 2520 '
220 2512 255 2573 et
285 2507 446 2592 sus-cepit
472 2506 582 2570 il-lum
608 2505 772 2591 gau-dens
798 2505 833 2568 in
859 2506 1009 2569 domum
1036 2527 1188 2570 su-am:
1223 2507 1319 2573 ho-di
1335 2531 1383 2575 -e

219 2788 267 2851 hu
281 2786 342 2850 -io
371 2785 413 2848 do
430 2821 444 2832 -
458 2805 515 2846 mu
530 2780 571 2845 -i
605 2802 644 2845 sa
659 2819 673 2830 ·
688 2780 742 2844 lus
775 2801 797 2847 a
824 2779 997 2846 Do-mi-no
1030 2780 1122 2850 facta
1165 2787 1229 2849 est.
1262 2784 1380 2876 *Al-le.-

218 2915 441 3035 Ξ

218 3062 256 3128 lu
285 3099 299 3113 ·
330 3083 382 3147 ya.

261 3181 327 3252 Qua
335 3179 435 3255 finito,
449 3177 564 3237 dicotur
577 3197 596 3235 a
606 3174 727 3255 presule
740 3181 805 3237 ante
817 3173 930 3237 ostium.

261 3275 425 3342 Dominus
440 3272 622 3339 vobiscum.

216 3459 229 3464 N
263 3381 415 3447 Oremus.
935 3437 937 3440 ,

258 3484 417 3549 Actiones
433 3463 578 3555 nostrae,
594 3497 792 3561 quaesumus,
808 3474 959 3553 Domine,
975 3473 1153 3561 aspirando
1173 3480 1320 3564 praeveni
1342 3486 1376 3548 et

215 3585 402 3673 adjuvando
425 3601 636 3668 prosequere,
659 3585 698 3644 ut
720 3601 781 3665 per
806 3579 965 3645 virtutem
990 3584 1110 3644 sanctae
1130 3583 1251 3661 crucis,
1273 3585 1377 3650 inter-

213 3691 367 3757 veniente
391 3681 725 3768 beata-etgloriosa
751 3687 946 3767 semperque
970 3682 1111 3767 virgine
1125 3682 1189 3748 Dei
1214 3687 1377 3771 genitrice

216 3791 328 3858 Maria
352 3809 427 3853 cum
450 3786 602 3852 omnibus
617 3783 762 3862 sanctis,
784 3789 819 3848 et
843 3789 961 3849 cuncta
982 3789 1099 3849 nostra
1122 3787 1272 3871 operatio
1293 3795 1319 3858 'a
1340 3795 1376 3856 te

216 3917 346 3983 semper
360 3895 507 3980 incipiat,
520 3901 555 3959 et
569 3897 678 3977 perte
694 3895 800 3978 coepta
814 3891 960 3961 finiatur.
1005 3891 1250 3961 Per'eund'em.2
1289 3897 1294 3902 ’

260 4002 411 4066 Oremus.
1290 3999 1311 4060 ’ζ

254 4107 357 4182 Deus,
378 4102 435 4188 qui
460 4123 521 4166 nos
547 4105 699 4185 pastores
725 4100 758 4163 in
785 4098 908 4185 populo
934 4097 1047 4164 vocari
1072 4097 1224 4175 voluisti,
1240 4100 1374 4184 prae'sta,

204 4204 472 4297 «quorsumnaut
492 4206 555 4268 hoc
576 4204 676 4287 ‘quod
695 4201 920 4269 humano'ore
945 4202 1096 4281 dicimur,
1111 4201 1151 4267 in
1175 4201 1244 4272 tuis
1266 4203 1374 4271 o'culis

204 4334 288 4381 esse
303 4309 486 4390 valeamus.
529 4307 594 4373 Per
607 4306 797 4373 Dominum.
891 4373 894 4383 ,
1143 4329 1145 4334 ·
1350 4333 1354 4338 ·
