2940 4996
481 401 702 463 Consecratio
718 384 823 482 Ignis
834 409 865 463 et
885 400 992 462 Cerei.

387 655 699 722 oonsuoaamo
724 657 849 723 ierus
872 656 931 720 aa
954 655 1088 722 ouum

478 758 544 839 [ru
568 757 770 824 suasuro
794 757 995 844 sauorop.

200 947 355 1023 Domine,
372 949 487 1011 sancte
509 947 621 1023 Pater,
639 948 851 1032 omnipotens
867 951 991 1012 aeterne
1014 945 1118 1021 Deus,
1134 945 1170 1009 in
1186 943 1320 1008 nomine

152 1055 212 1114 tuo
239 1056 275 1115 et
300 1036 379 1114 Filii
406 1049 457 1114 tui
483 1050 566 1114 Jesu
594 1049 721 1114 Christi
749 1050 885 1115 Domini
912 1049 1021 1114 nostri
1047 1047 1319 1134 beneffldicimus

155 1158 246 1219 hunc
261 1155 373 1239 ignem
390 1177 464 1218 cum
480 1156 520 1235 ›1‹
537 1176 614 1219 cera
637 1160 672 1220 ct
688 1155 842 1219 omnibus
859 1155 933 1238 ejus
956 1153 1147 1229 alimoniis;
1171 1151 1319 1216 sanctifi-

155 1279 346 1341 camusque,
364 1262 398 1322 et
414 1258 511 1342 signo
534 1257 643 1321 crucis
660 1258 786 1321 Christi
801 1258 823 1323 J
826 1278 886 1322 esu
902 1256 982 1321 Filii
998 1256 1061 1321 Dei
1076 1256 1145 1319 vivi
1161 1254 1318 1319 altissimi

155 1363 330 1446 signamus
357 1361 450 1425 intus
480 1360 535 1423 vel
564 1361 659 1424 foris.
706 1361 943 1446 Accensusque
974 1381 1045 1444 quac
1076 1365 1222 1423 noceant
1252 1379 1318 1421 non

155 1464 323 1540 incendat,
350 1464 408 1528 sed
434 1465 546 1528 omnia
570 1464 613 1529 ad
637 1486 719 1528 usus
743 1464 915 1528 hominum
942 1462 1136 1527 necessaria
1159 1465 1241 1526 urat
1267 1460 1318 1524 vel

155 1569 303 1635 calescat
327 1568 397 1630 sive
414 1566 604 1644 illuminet3
629 1573 665 1632 et
687 1588 758 1650 quae
774 1589 816 1630 ex
838 1568 902 1630 hoc
925 1566 1003 1651 igne
1019 1565 1150 1629 fuerint
1172 1563 1318 1628 conflata

155 1672 226 1735 sive
243 1669 418 1745 calefacta,
435 1669 505 1733 sint
521 1668 738 1747 beneffldiota
761 1673 794 1733 et
811 1669 901 1732 omni
917 1669 1069 1733 humanae
1086 1665 1192 1732 saluti
1207 1664 1317 1740 utilia,

154 1777 275 1836 utnon
292 1792 367 1835 cum
389 1770 511 1835 Nadab
529 1778 564 1834 et
579 1772 689 1835 Abiud
712 1772 826 1855 ignem
842 1770 905 1834 tibi
929 1769 1150 1834 offerentibus
1167 1767 1315 1832 alienum

156 1873 395 1948 incendamus3
420 1872 479 1936 sed
495 1894 568 1935 cum
593 1875 707 1937 Aaron
730 1874 888 1957 pontifice
912 1878 946 1936 et
962 1874 1035 1956 ejus
1057 1871 1138 1936 filiis
1152 1870 1318 1935 Eleazaro

157 1982 192 2042 et
207 1978 380 2041 Ithamaro
393 1977 524 2040 hostias
540 1977 601 2040 tibi
613 1978 781 2061 pacificas,
795 1977 910 2041 Sancti
924 1976 1071 2062 Spiritus
1083 1978 1161 2060 igne
1173 1979 1319 2050 assatas,

157 2081 329 2144 immolare
345 2079 539 2156 valeamus3
565 2086 599 2145 et
616 2101 748 2164 semper
763 2080 813 2144 tui
831 2079 978 2165 Spiritus
1001 2079 1117 2144 Sancti
1139 2079 1219 2164 igne
1235 2078 1318 2142 vitia

157 2192 277 2250 nostra
292 2205 406 2259 exure,
422 2183 588 2267 cordaque
605 2182 680 2247 luce
696 2183 844 2249 scientim
865 2189 930 2247 tuce
946 2182 1122 2259 inlumina,
1137 2187 1174 2247 et
1189 2181 1317 2246 animas

158 2295 292 2353 nostras
308 2288 419 2352 calore
435 2287 512 2350 fidei
529 2287 686 2352 clarifica.
732 2288 807 2352 Per.

196 2392 281 2451 Alio.

199 2486 359 2550 Exsultet
379 2485 451 2568 jam
482 2487 636 2570 angelica
661 2488 764 2551 turba
787 2481 972 2561 'coelorum3
1001 2485 1174 2551 exsultent
1200 2487 1314 2552 divina

158 2590 339 2674 mysteria;
364 2595 399 2653 et
422 2610 482 2672 pro
506 2589 594 2653 tanti
617 2590 710 2673 regis
733 2589 876 2653 victoria
890 2589 974 2654 tuba
996 2588 1129 2653 intonet
1144 2590 1316 2657 salutaris.

159 2692 313 2758 Gaudeat
351 2712 387 2754 se
426 2691 528 2754 tellus
567 2692 731 2756 irradiata
768 2692 971 2776 fulgoribus,
1007 2696 1043 2755 ct
1076 2694 1194 2756 aterni
1227 2695 1316 2781 regis

159 2796 337 2880 splendore
352 2794 502 2859 lustrata
523 2797 628 2860 totius
645 2796 737 2860 orbis
754 2795 935 2860 sesentiat
950 2795 1106 2860 amisisse
1127 2797 1316 2882 caliginem.

156 2900 303 2962 Laetetur
320 2902 355 2960 et
378 2902 487 2961 mater
508 2897 662 2974 ecclesia,
678 2899 766 2964 tanti
781 2898 920 2962 luminis
936 2898 1100 2963 adornata
1114 2899 1314 2985 fulgoribus,

139 3004 193 3066 'et
208 3000 340 3084 magnis
356 3001 555 3084 populorum
571 3002 708 3065 vocibus
724 3001 794 3066 haeo
810 3001 890 3067 aula
905 3000 1061 3067 resultet.
1106 3001 1314 3090 Quapropter

156 3104 348 3168 astantibus
383 3105 489 3180 nobis,
519 3105 645 3169 fratres
676 3106 851 3183 carissimi,
882 3106 925 3172 ad
955 3111 1024 3170 tam
1058 3107 1177 3172 miram
1208 3109 1311 3173 sanot'

155 3208 257 3290 hujus
293 3207 432 3270 luminis
467 3207 667 3284 claritatem,
702 3231 769 3272 una
802 3192 932 3272 mecum
963 3208 1026 3273 Dei
1062 3210 1312 3295 omnipotentis,

156 3330 278 3393 quaeso,
294 3310 558 3374 misericordiam
582 3311 748 3389 invocate,
772 3318 810 3375 ut
833 3313 890 3395 qui
913 3333 966 3374 me
989 3331 1055 3374 non
1076 3312 1161 3376 meis
1184 3313 1311 3378 meritis

155 3413 246 3475 intra
269 3413 480 3477 sacerdotum
503 3435 677 3476 numerum
703 3415 937 3500 dignatusest
960 3434 1159 3498 aggregare,
1176 3416 1310 3481 luminis

156 3514 207 3576 sui
230 3516 343 3599 gratia
365 3516 575 3592 infundente,
593 3518 681 3580 cerei
704 3518 806 3600 hujus
828 3518 960 3582 laudem
984 3517 1124 3600 implere
1148 3520 1309 3603 perficiat.

156 3619 220 3680 Per
247 3618 426 3683 Dominum
453 3625 607 3684 nostrum
629 3621 746 3685 Jesum
775 3622 947 3686 Christum
973 3619 1098 3684 Filium
1125 3629 1233 3700 tuum,
1256 3622 1309 3707 qui

154 3732 264 3782 tecum
291 3722 375 3786 vivit
404 3727 439 3786 et
458 3728 579 3807 regnat
599 3722 691 3787 Deus
714 3725 747 3786 in
777 3724 906 3788 unitate
934 3722 1082 3806 Spiritus
1107 3724 1224 3790 Sancti
1251 3745 1307 3810 per

153 3820 264 3885 omnia
280 3823 401 3887 saecula
418 3824 623 3888 saeculorum.

195 3924 281 3980 Alco.

196 4016 348 4095 Domine,
379 4027 493 4085 sancte
524 4023 635 4098 Pater,
664 4023 875 4107 omnipotens
906 4030 1030 4089 aeterne
1059 4021 1162 4100 Deus,
1191 4022 1309 4088 exaudi

155 4140 226 4193 nos,
249 4119 361 4185 lumen
387 4123 593 4188 indeficiens.
641 4126 690 4188 Tu
718 4147 755 4190 es
778 4128 877 4202 enim,
900 4126 1042 4191 Domine
1067 4125 1161 4190 Deus
1186 4130 1308 4200 noster,

154 4220 307 4284 conditor
331 4226 478 4289 omnium
501 4227 676 4291 luminum.
721 4229 877 4306 Benedic,
894 4229 1047 4306 Domine,
1064 4234 1098 4292 et
1113 4228 1177 4292 hoc
1200 4227 1308 4292 lumen

156 4327 190 4382 et
220 4323 305 4385 banc
337 4345 457 4399 ceram,
491 4331 578 4412 quod
610 4338 693 4393 ato
725 4331 898 4395 incensum
931 4331 1241 4414 sanctificatumque
1271 4350 1307 4395 ac
