2940 4996
579 441 797 503 Consecrotr'o
813 440 928 523 Rapis.
1265 438 1329 504 217

165 639 344 723 splendore
369 643 467 726 regiae
495 646 674 728 potcstatis
701 644 806 709 oeulis
830 644 976 708 omnium
999 643 1139 727 fulgeat,
1161 641 1235 706 luce
1259 642 1326 705 cla·

166 743 299 808 rissima
309 765 483 810 coruscare
494 752 595 830 atquc
607 748 781 832 splendere
793 747 888 830 quasi
900 744 1169 829 splendidissima
1178 743 1324 829 fulgura,

167 847 310 910 maximo
334 849 471 931 perfusa
493 849 617 912 lumine
642 851 796 912 videatur
805 873 813 925 3
837 849 948 913 tribue
976 848 1016 923 ei,
1041 848 1261 931 omnipotens,
1285 854 1323 910 ut

168 949 213 1010 sit
229 949 433 1014 fortissimus
454 957 624 1035 protector
646 953 763 1035 patriae
788 956 822 1015 et
838 950 1028 1016 consolator
1051 950 1268 1013 ecclesiarum
1286 971 1323 1012 ac

167 1052 387 1115 coenobiorum
414 1061 604 1118 sanctorum
629 1055 775 1117 maxima
797 1075 869 1116 cum
894 1053 1019 1136 pietate
1044 1052 1168 1137 regalis
1192 1051 1327 1113 munifi:

166 1154 291 1229 cantiae,
313 1162 413 1237 atque
437 1161 474 1219 ut
500 1158 545 1220 sit
566 1158 770 1221 fortissimus
789 1178 904 1241 regum
927 1157 1151 1240 triumphator
1172 1155 1318 1219 hostium

166 1255 207 1318 ad
234 1257 468 1341 opprimendas
497 1259 641 1322 rebelles
672 1265 707 1322 et
733 1279 884 1343 paganas
914 1258 1067 1321 nationes
1077 1282 1085 1334 3
1114 1258 1223 1340 sitque
1251 1258 1320 1320 suis

165 1358 309 1422 inimicis
335 1360 420 1423 satis
444 1361 607 1424 terribilis
631 1383 697 1445 prae
723 1361 870 1425 maxima
893 1360 1089 1424 fortitudine
1115 1359 1240 1443 regalis
1264 1383 1321 1444 po·

164 1463 296 1538 tentiae3
321 1463 538 1547 optimatibus
554 1485 684 1547 quoque
701 1470 802 1546 atque
817 1463 986 1548 praecelsis
1009 1464 1202 1546 proceribus
1219 1467 1319 1545 atque

165 1565 319 1629 fidelibus
336 1567 388 1628 sui
411 1567 517 1651 regni,
534 1569 711 1629 munificus
728 1573 763 1630 et
778 1566 932 1630 amabilis
948 1570 983 1629 et
1003 1566 1088 1650 pius,
1106 1571 1144 1629 ut
1158 1567 1201 1629 ab
1216 1567 1321 1629 omni-

164 1669 226 1732 bus
251 1669 409 1732 timeatur
432 1674 533 1752 atque
556 1670 739 1754 diligatam
763 1690 862 1754 reges
886 1690 1014 1752 quoque
1035 1669 1076 1731 de
1099 1668 1223 1732 lumbis
1245 1669 1318 1752 ejus

163 1793 224 1856 par
251 1773 479 1836 successiones
503 1778 693 1856 temporum
719 1773 906 1836 futurorum
931 1772 1157 1857 egrediantur,
1179 1794 1318 1857 regnum

160 1875 221 1938 hoc
237 1896 354 1960 regere
370 1881 488 1951 totum,
505 1880 549 1950 et,
565 1882 642 1958 post
658 1874 807 1959 gloriosa
823 1879 975 1958 tempora
991 1879 1090 1957 atque
1106 1875 1219 1939 felicia
1234 1897 1315 1959 prae-

163 1978 268 2041 sentis
284 1978 370 2054 vitae,
388 1978 512 2062 gaudia
528 1977 731 2062 sempiterna
746 1977 780 2039 in
796 1981 958 2062 perpetua
973 1977 1180 2040 beatitudine
1196 1978 1318 2041 habere

163 2085 343 2143 mereatur.
388 2080 463 2143 Per.

202 2182 305 2240 Postea
319 2203 382 2239 vero
400 2190 494 2258 capot,
509 2189 612 2258 pectus,
629 2189 654 2239 et
673 2182 805 2257 scapulos,
821 2181 961 2256 ambosque
980 2199 1125 2256 compapes
1139 2181 1318 2238 broclrioruro

162 2276 256 2354 ipsius
269 2284 446 2352 auspicantur,
461 2277 568 2334 dicente
582 2277 810 2353 metropolitano.

207 2372 388 2453 Unguatur
402 2377 503 2456 caput
518 2371 621 2446 istud,
638 2375 767 2455 pectus,
785 2369 927 2454 scapulae
944 2373 978 2432 et
994 2390 1172 2455 compages
1189 2371 1319 2434 brachi-

165 2498 260 2541 orum
276 2476 317 2539 de
333 2477 405 2540 oleo
423 2477 641 2553 sanctificam,
685 2476 793 2540 Retro
808 2476 953 2557 require.

202 2579 325 2637 Interim
338 2588 471 2637 cantatur
484 2579 699 2656 responsorium.

207 2932 257 2995 De
272 2968 286 2980 -
301 2952 357 2993 um
379 2931 407 2994 ti
430 2968 443 2979 -
465 2969 478 2979 -
494 2968 507 2979 -
524 2951 576 2992 me
600 2935 635 2993 et
649 2930 807 2993 mandata
823 2929 896 3011 ejus
917 2931 1059 2994 observa
1069 2953 1078 3006 ;
1101 2932 1163 2996 hoc
1179 2937 1231 2997 est
1246 2955 1314 2996 oru-

164 3035 217 3098 nis
233 3036 341 3098 homo.

204 3136 414 3201 Timentibus
430 3134 605 3198 Dominum
630 3133 713 3197 nihil
736 3135 840 3211 deest,
858 3155 918 3199 nec
934 3134 987 3197 his
1003 3135 1059 3218 qui
1077 3135 1223 3222 diligunt
1238 3158 1313 3202 eum

160 3240 194 3303 in
210 3240 372 3305 veritate:
396 3240 457 3302 hoc
473 3237 538 3318 [est
554 3238 659 3301 omnis
675 3239 797 3322 homo]

204 3341 272 3400 Post
285 3341 445 3399 unctionem
459 3340 560 3397 oratio.

204 3437 307 3512 Deus,
330 3435 393 3500 Dei
417 3435 536 3510 Filius,
555 3434 656 3498 Jesus
682 3432 847 3508 Christus,
875 3430 1036 3495 Dominus
1063 3437 1189 3511 noster,
1213 3435 1269 3517 qni
1296 3458 1315 3500 a

161 3542 263 3606 Patre
279 3539 353 3603 oleo
369 3538 604 3603 exsultationis
620 3541 741 3599 unctus
757 3556 823 3620 prae
838 3534 1058 3619 participibus
1075 3535 1156 3610 suis,
1169 3536 1240 3621 ipse
1256 3559 1317 3621 per

160 3648 358 3730 praesentem
375 3642 462 3706 sacri
479 3640 639 3726 unguenti
656 3639 867 3714 infusionem,
882 3637 1025 3720 Spiritus
1041 3638 1200 3703 Paracliti
1216 3660 1317 3725 super

159 3753 263 3834 caput
291 3752 384 3810 tuum
416 3744 570 3808 infundat
599 3742 873 3816 benedictionem,
905 3740 1107 3823 eandemque
1138 3762 1243 3825 usque
1274 3743 1316 3806 ud

159 3853 323 3918 interiora
338 3850 447 3914 cordis
471 3849 520 3912 tui
537 3855 713 3933 penetrare
737 3847 850 3922 faciat,
867 3850 1033 3928 quatenus
1049 3846 1111 3909 hoc
1134 3847 1258 3911 visibili
1283 3855 1318 3913 et

160 3953 332 4020 tractabili
343 3954 430 4016 dono
446 3951 628 4015 invisibilia
650 3950 830 4035 percipere,
847 3951 881 4010 et
896 3947 1074 4030 temporali
1089 3968 1193 4033 regno
1212 3950 1317 4033 justis

158 4057 444 4122 moderationibus
457 4060 624 4130 exsecuto,
636 4052 840 4117 aeternaliter
850 4073 923 4114 cum
937 4072 975 4114 eo
988 4071 1130 4135 regnare
1142 4055 1315 4130 merearis,

162 4161 219 4245 qui
236 4158 328 4224 solus
344 4159 416 4223 sine
440 4162 575 4240 peccato
591 4177 650 4218 rex
670 4175 785 4240 regum
810 4152 894 4215 vivit
917 4156 952 4215 et
966 4149 1133 4236 gloriatur
1147 4175 1220 4217 cum
1244 4155 1316 4219 Deo

163 4265 263 4328 Patre
279 4262 313 4325 in
329 4261 460 4324 unitate
477 4258 636 4342 ejusdem.

202 4364 304 4440 Deus,
321 4363 378 4446 qui
401 4383 438 4426 es
457 4361 628 4444 justorum
649 4357 759 4444 gloria
782 4360 817 4421 et
840 4354 1070 4419 misericordia
1093 4362 1315 4440 peccatorum,

248 4467 344 4532 Pont.
360 4466 401 4531 27
