2940 4996
442 431 641 494 Benedictio
659 431 789 512 lapidis
799 433 1001 514 portabilis.
1238 436 1301 497 125

143 620 252 684 Deum
276 624 397 704 praeter
418 624 463 694 te,
485 618 662 683 Dominum
691 620 808 697 solum,
832 623 887 704 qui
912 627 1072 686 venturus
1096 644 1132 687 es
1153 624 1304 707 judicare

142 725 237 786 vivos
253 731 289 786 et
304 730 465 786 mortuos.

188 830 389 892 Benedictio
405 849 514 909 aquee.

186 931 328 995 Domine
352 935 476 1005 sancte,
492 931 593 994 Pater
615 930 834 1013 omnipotens,
859 939 991 996 creator
1013 938 1047 997 et
1063 939 1212 998 statutor
1234 957 1302 997 om-

142 1037 237 1099 nium
264 1034 514 1108 elementorum,
542 1033 599 1116 qui
628 1055 689 1117 per
714 1034 830 1097 Jesum
862 1035 1031 1100 Christum
1060 1037 1180 1099 Filium
1206 1044 1301 1101 tuum

143 1140 323 1204 Dominum
346 1141 508 1210 nostrum,
524 1136 586 1199 hoc
608 1136 809 1199 elementum
832 1158 925 1220 aquae
947 1138 982 1200 in
1000 1139 1142 1202 salutem
1167 1140 1304 1203 humani

142 1242 278 1328 generis
300 1261 375 1303 esse
397 1238 554 1314 voluisti;
577 1245 611 1302 te
636 1238 802 1323 supplices
825 1240 1050 1324 deprecamur,
1075 1248 1113 1305 ut
1136 1243 1303 1305 exauditis

143 1345 353 1411 orationibus
379 1343 505 1406 nostris
532 1364 604 1406 eam
629 1348 693 1406 tuae
720 1343 856 1425 pietatis
881 1350 1037 1427 respectu
1069 1343 1303 1421 sanctiffifices

142 1456 244 1532 atque
260 1449 311 1510 ita
325 1446 432 1508 omnis
445 1445 621 1528 spirituum
633 1445 875 1507 immundorum
892 1447 934 1509 ab
945 1468 984 1509 ea
1000 1447 1134 1511 recedat
1145 1449 1301 1524 incursio,

141 1559 182 1615 ιιι
196 1552 382 1631 ubicunque
405 1547 556 1610 fueritin
579 1547 709 1610 nomine
731 1555 790 1611 tuo
814 1569 954 1632 aspersa
977 1549 1029 1612 vel
1054 1550 1173 1628 infusa,
1190 1552 1302 1636 gratia

140 1663 207 1718 tuae
236 1650 473 1716 benedictionis
499 1650 663 1725 adveniat,
692 1656 725 1714 et
757 1651 866 1714 omnia
896 1651 995 1727 mala,
1024 1656 1056 1715 te
1088 1655 1301 1738 propitiante,

140 1756 257 1844 procul
274 1754 440 1818 recedant.
486 1754 551 1817 Per
565 1753 703 1815 eundem
719 1752 897 1816 Dominum
912 1761 1074 1818 nostrum.

187 1859 388 1924 Benedictio
404 1859 538 1920 cineris.

185 1961 406 2045 Omnipotens
422 1959 622 2042 sempiterne
638 1957 740 2033 Deus,
753 1978 852 2042 parce
868 1961 1104 2037 metuentibus,
1118 1963 1299 2044 propitiare

141 2063 420 2151 supplicantibus,
436 2067 471 2122 et
493 2060 627 2123 mittere
643 2060 782 2144 dignare
799 2066 948 2123 sanctum
970 2062 1125 2146 angelum
1142 2070 1235 2126 tuum
1259 2065 1299 2127 de

139 2169 243 2243 caelis,
267 2165 324 2249 qui
350 2160 559 2234 beneffldicat
583 2167 618 2225 et
644 2162 864 2234 sanctieldicet
890 2163 1018 2226 cineres
1045 2165 1139 2240 istos,
1163 2174 1201 2229 ut
1231 2169 1299 2231 sint

137 2269 321 2335 remedium
350 2264 498 2329 salutare
522 2265 673 2327 omnibus
700 2284 818 2326 nomen
843 2271 937 2326 tuum
961 2265 1156 2349 suppliciter
1182 2268 1299 2350 implo-

139 2372 308 2445 rantibus,
334 2391 372 2432 ac
399 2367 597 2451 semetipsos
623 2388 683 2450 pro
707 2367 912 2430 conscientia
938 2367 1135 2432 delictorum
1163 2391 1296 2434 suorum

140 2473 387 2546 accusantibus,
411 2476 511 2553 atque
537 2475 616 2533 ante
640 2475 853 2553 conspectum
879 2469 997 2533 divinae
1024 2472 1207 2536 clementiae
1235 2484 1298 2538 tuae

138 2579 292 2643 facinora
314 2595 375 2636 sua
396 2571 656 2655 deplorantibus,
672 2571 727 2634 vel
751 2572 998 2636 serenissimam
1021 2575 1181 2658 pietatem
1204 2583 1298 2641 tuam

140 2678 338 2764 suppliciter
364 2675 549 2758 obnixeque
576 2675 824 2759 flagitantibus;
853 2682 986 2757 praesta,
1013 2698 1213 2760 quaesumus,
1239 2703 1300 2765 per

138 2782 381 2847 invocationem
400 2778 602 2842 sanctissimi
618 2778 760 2840 nominis
776 2777 836 2851 tui,
853 2786 890 2840 ut
912 2778 1098 2863 quicunque
1117 2802 1174 2845 eos
1197 2804 1299 2867 super

138 2909 174 2950 se
190 2883 397 2968 asperserint
408 2902 468 2964 pro
480 2881 706 2963 redemptione
722 2886 942 2962 peccatorum,
954 2883 1102 2966 corporis
1120 2886 1297 2951 sanitatem

139 2995 175 3052 et
190 2987 308 3051 animae
324 2983 464 3047 tutelam
480 2983 679 3066 percipiant.
723 2983 787 3045 Per
800 2981 989 3046 Dominum.

180 3089 260 3146 Tunc
281 3087 452 3144 misceantur
470 3084 514 3141 sul
534 3092 559 3141 et
579 3085 661 3154 ciuis,
684 3092 708 3141 et
719 3083 816 3158 faciat
838 3087 981 3162 episcopus
1000 3087 1067 3144 iude
1084 3109 1193 3147 crucem
1211 3111 1296 3168 super

139 3203 246 3261 uquam
259 3181 362 3238 dicens.

182 3279 263 3342 Haec
290 3274 481 3339 commixtio
509 3272 591 3337 salis
618 3278 652 3337 et
676 3274 798 3337 cineris
825 3296 898 3337 cum
926 3296 1013 3358 aqua
1038 3277 1223 3355 benedicta,
1251 3280 1298 3344 sit

138 3381 387 3461 sanctiffificata
407 3379 448 3442 ad
465 3377 746 3440 consecrationem
769 3377 870 3460 hujus
885 3377 1006 3441 tabulae
1023 3384 1057 3443 et
1079 3378 1210 3464 lapidis.
1257 3381 1297 3444 In

136 3485 269 3550 nomine
288 3482 399 3546 Patris
415 3478 454 3557 ᾧ
470 3489 505 3542 et
519 3479 597 3543 Filii
615 3476 655 3555 ›1‹
670 3487 705 3542 et
723 3479 867 3563 Spiritus
882 3480 921 3559 ᾧ
938 3480 1063 3546 Sancti.
1108 3485 1225 3547 Amen.

182 3588 355 3668 Sequitur.
400 3583 562 3647 Dominus
577 3583 757 3646 vobiscum.
802 3582 953 3644 Oremus.

197 3691 329 3754 Oratio.
388 3687 490 3762 Deus,
519 3686 648 3748 invictae
681 3685 816 3748 virtutis
846 3691 963 3748 auctor
996 3693 1030 3750 et
1059 3687 1295 3772 insuperabilis

133 3792 266 3876 imperii
288 3812 348 3853 rex
371 3812 409 3854 ac
436 3810 567 3872 semper
589 3788 785 3872 magnificus
810 3788 1044 3871 triumphator,
1067 3792 1124 3873 qui
1146 3794 1293 3859 adversae

133 3895 371 3960 dominationis
397 3894 486 3956 vires
511 3892 677 3974 reprimis,
704 3893 760 3974 qui
790 3891 913 3953 inimici
944 3893 1109 3976 rugientis
1132 3897 1292 3962 saevitiam

135 4018 286 4084 superas,
299 3996 354 4080 qui
368 3995 509 4059 hostiles
521 3994 688 4077 nequitias
700 4001 854 4077 potenter
866 4015 1039 4079 expugnas
1051 4020 1058 4072 ;
1083 4004 1127 4072 te,
1140 3997 1292 4077 Domine,

131 4109 315 4169 trementes
339 4110 373 4166 et
389 4100 555 4185 supplices
578 4100 795 4183 deprecamur
815 4119 854 4161 ac
876 4099 1032 4182 petimus,
1048 4107 1087 4165 ιιι
1102 4103 1186 4166 hanc
1201 4126 1292 4168 crea-

129 4221 240 4273 turam
266 4205 347 4270 salis
372 4212 407 4269 et
431 4203 552 4268 cineris
576 4209 611 4266 et
635 4224 726 4285 aquae
750 4202 927 4286 dignanter
951 4204 1103 4288 accipias,
1127 4206 1291 4292 benignus
