2940 4996
481 116 531 177 De
549 113 784 178 Celebratione
800 114 987 198 Pontificio.

391 285 443 340 Ad
458 284 607 342 Amictum
621 285 820 360 intponeadum
834 285 924 361 capiti
936 305 986 341 sno
999 285 1085 341 dicat.

207 379 350 461 Spiritus
382 380 522 444 Sanctus
553 380 765 462 superveniat
794 381 828 442 in
858 401 920 456 me,
951 386 986 444 et
1016 379 1123 442 virtus
1153 377 1320 442 Altissimi

164 482 373 545 obumbrabit
388 488 487 566 caput
502 503 621 545 meum.

654 584 705 641 Ad
719 582 835 641 Albam.

209 678 368 742 Miserere
385 679 458 753 mei,
475 678 576 754 Deus,
593 679 749 741 miserere
772 677 846 753 mei,
863 683 898 742 et
919 678 1042 742 munda
1064 698 1116 741 me
1138 699 1160 742 a
1176 676 1324 741 reatibus

168 781 305 855 cunctis,
322 787 360 842 ut
375 802 448 842 cum
464 781 532 843 illis
555 781 610 863 qui
627 778 865 843 dealbaverunt
888 779 992 844 stolas
1009 801 1088 845 suas
1103 781 1137 842 in
1163 779 1325 864 sanguine

170 882 259 966 Agni
275 902 461 944 mereamur
477 883 601 966 perfrui
617 882 748 967 gaudiis
763 882 943 966 perpetuis.

657 984 708 1039 Ad
720 985 840 1042 Zonarn

213 1078 379 1161 Praecinge
406 1099 467 1152 me,
489 1077 639 1153 Domine,
663 1099 745 1140 zona
767 1079 919 1160 justitiae,
943 1082 978 1140 et
1003 1077 1197 1162 constringe
1221 1077 1257 1139 in
1281 1097 1329 1138 me

172 1180 425 1243 delectationem
442 1178 503 1241 Dei
520 1184 554 1242 et
569 1180 719 1263 proximi.

658 1281 711 1337 Ad
724 1281 840 1338 Stoloni.

219 1375 313 1438 Stolo
339 1375 478 1455 justitiae
510 1375 684 1450 circumda,
711 1375 862 1450 Domine,
889 1378 1049 1439 cervicem
1079 1396 1200 1450 meam,
1233 1383 1269 1438 et
1294 1377 1333 1438 ab

174 1479 261 1540 omni
278 1479 487 1558 corruptione
503 1477 628 1559 peccati
644 1478 782 1560 purifica
800 1492 941 1541 mentem
958 1500 1075 1541 meam.

642 1579 695 1635 Ad
710 1579 859 1636 Tunicam.

222 1673 326 1736 Indue
342 1693 404 1747 me,
420 1671 570 1748 Domine,
588 1673 785 1736 vestimento
801 1673 929 1748 salutis,
947 1680 981 1736 et
1004 1673 1198 1738 indumento
1220 1673 1340 1738 laetitiae

180 1775 345 1839 circumda
361 1796 412 1834 me
429 1795 569 1856 semper.

616 1877 643 1932 Α
648 1876 667 1932 d
681 1875 890 1933 Dalmaticum.

225 1972 278 2037 Da
308 1971 398 2047 mihi,
423 1971 575 2046 Domine,
604 1993 737 2034 sensum
764 1978 799 2034 et
828 1993 952 2048 vocem,
980 1980 1017 2035 ut
1047 1972 1172 2057 possim
1205 1979 1341 2038 cantare

182 2076 314 2140 laudem
330 2079 421 2138 tuam
440 2075 481 2137 ad
497 2075 581 2137 hanc
597 2074 743 2138 missam.

651 2175 702 2231 Ad
715 2175 870 2232 Fononem.

229 2270 333 2333 lndue
355 2289 417 2344 me,
442 2269 542 2331 Pater
564 2268 830 2345 clementissime,
853 2292 974 2332 novum
997 2271 1173 2347 homiuem,
1197 2271 1350 2356 deposito

188 2373 292 2435 veteri
318 2392 391 2434 cum
417 2371 546 2433 actibus
568 2371 647 2446 suis,
667 2373 724 2453 qui
753 2372 930 2435 secundum
957 2372 1064 2435 Deum
1088 2379 1221 2437 creatus
1243 2377 1353 2439 estin

183 2474 317 2556 justitia
333 2480 367 2535 et
382 2473 559 2536 sanctitate
576 2474 739 2536 veritatis.

661 2573 713 2630 Ad
730 2574 872 2633 Cocalum.

233 2669 336 2733 Indue
360 2689 423 2741 me,
446 2667 595 2742 Domine,
618 2667 722 2731 lorica
744 2668 821 2731 fidei
848 2675 883 2733 et
909 2668 1007 2754 galea
1034 2669 1152 2734 salutis
1175 2693 1215 2736 ac
1238 2673 1352 2758 gladio

192 2773 335 2858 Spiritus
352 2770 474 2834 Sancti.
520 2772 637 2834 Amen.

239 2888 349 2945 Deinde
371 2887 448 2944 dicut
475 2888 616 2964 episcopus
639 2896 702 2945 ante
721 2909 806 2963 qaam
828 2889 939 2946 accedat
959 2889 997 2946 ad
1018 2890 1116 2962 altare,
1159 2891 1298 2954 introibo
1319 2898 1354 2954 ad

193 2985 284 3041 altaro
302 2983 365 3054 Dei,
380 2981 428 3038 dc.
444 2989 475 3037 nt
489 2983 644 3038 continetur
657 2983 690 3039 in
702 2983 828 3040 Missali.

243 3076 315 3135 Cum
336 3096 398 3132 vero
419 3075 559 3151 episcopus
579 3077 686 3133 enitent
706 3077 832 3134 casulum
852 3085 877 3135 et
898 3077 959 3134 alio
980 3079 1146 3137 indonata
1166 3083 1352 3160 episcopalia,

193 3174 270 3230 dicut
283 3171 330 3227 los
343 3168 473 3246 psaonos,
489 3170 537 3224 snb
551 3190 607 3226 nno
623 3170 725 3228 Gloria
740 3171 831 3240 Patri,
849 3191 912 3228 cum
927 3171 980 3229 liae
994 3172 1159 3250 antiphona,

239 3266 352 3330 Trium
368 3285 553 3348 puerorum.

242 3371 297 3431 Pa.
323 3366 510 3430 Benedicite
528 3366 725 3440 sacerdotes,
743 3389 847 3448 nsque
863 3369 1032 3451 adfinem.
1079 3369 1176 3448 [Dan.
1193 3373 1240 3437 iii.
1258 3376 1316 3462 83]

327 3468 475 3531 Laudate
491 3466 666 3529 Dominum
682 3468 716 3529 in
733 3469 857 3531 sanctis
873 3468 956 3551 ejus.
1002 3471 1058 3548 lPs
1074 3470 1127 3556 cl]

246 3574 303 3633 Pa.
327 3571 425 3633 Nunc
439 3569 588 3632 dimittis.
634 3567 680 3646 [S.
697 3568 775 3631 Luc.
793 3571 826 3631 ii.
844 3573 909 3654 29.]

289 3672 403 3735 Gloria
417 3671 519 3734 Patri.
566 3670 658 3733 Sicut
672 3679 754 3734 erat.

247 3777 375 3837 Deinde
392 3775 520 3835 dicitur
536 3776 735 3853 antiphona,
785 3775 896 3835 Trium
916 3796 1099 3857 pucrulum.
