2940 4996
432 399 528 471 ¹Ordo
544 398 752 462 Incladcadl
767 398 951 461 Famulam
968 397 1042 460 Del.
1241 448 1243 451 .
1277 394 1320 458 85

155 582 330 658 mirabilis,
346 583 443 667 cujus
458 606 518 649 nec
541 585 671 647 initium
694 605 754 648 nec
777 585 852 649 finis
876 585 1080 660 advertitur3
1104 588 1148 660 te,
1164 581 1333 656 Domine‚.

157 683 395 760 benedicimus,
411 692 445 750 et
461 686 672 768 majestatem
688 691 779 750 tuam
797 686 963 770 supplices
978 687 1204 769 deprecamur,
1221 690 1260 746 ut
1276 683 1322 747 sit

157 787 219 850 tibi
243 787 306 850 hoe
327 786 433 851 altare
458 787 572 866 [sicut]
595 786 678 858 illud
702 789 790 871 quod
811 790 981 852 Abraham
1003 793 1101 872 pater
1122 791 1247 862 noster,
1264 785 1320 867 qui

161 888 274 951 videre
301 894 335 952 te
362 891 493 965 meruit,
520 890 705 966 fabricavit,
728 891 762 952 in
788 911 853 974 quo
881 912 1028 955 summus
1055 890 1209 954 sacerdos
1235 887 1346 952 Mel·-

161 991 338 1054 chisedech
365 992 518 1055 sacrificii
544 992 756 1075 triumphalis
786 1015 935 1057 normam
962 993 1145 1077 expressit3
1177 991 1221 1055 sit
1247 990 1320 1065 tihi,

161 1093 314 1168 Domine,
333 1092 467 1172 [altare]
490 1095 552 1158 hoe
574 1094 661 1159 sicut
675 1095 758 1158 illud
782 1096 870 1179 quod
893 1095 1028 1178 Moyses
1052 1098 1178 1177 septem
1193 1093 1320 1156 dierum

162 1196 393 1282 purificatione
408 1197 580 1261 mundavit
596 1204 630 1262 et
641 1197 768 1263 coelesti
782 1204 841 1261 tuo
853 1197 998 1281 alloquio
1015 1202 1165 1260 sanctum
1180 1196 1320 1271 vocavit,

164 1301 254 1364 sieut
276 1300 407 1364 locutus
430 1321 466 1365 es
489 1302 532 1365 ad
555 1322 630 1365 eum
653 1302 775 1377 dicens,
794 1301 829 1365 Si
851 1300 926 1384 quis
949 1299 1099 1383 tetigerit
1121 1297 1227 1362 altare
1249 1299 1321 1374 hoc,

162 1403 389 1466 sanctificatus
411 1404 584 1468 habeatur.
629 1405 669 1468 In
684 1406 747 1468 hoc
768 1403 868 1468 altari
882 1402 1075 1466 destruatur
1096 1399 1240 1476 luxuria,
1256 1421 1323 1463 om·

112 1539 113 1543 =
162 1508 282 1590 nisque
309 1505 412 1570 libido
441 1508 642 1590 perimatur-3
673 1510 834 1573 offeratur
859 1527 919 1591 pro
949 1505 1135 1569 turturibus
1165 1504 1324 1580 castitas3

164 1629 225 1692 pro
241 1605 343 1691 pullis
358 1606 584 1673 columbarum
599 1609 793 1674 innocentiae
809 1607 1015 1672 sacrificium.
1060 1608 1124 1671 Per
1138 1605 1326 1670 Dominum.

209 1708 311 1785 Deus,
334 1710 447 1793 quiin
471 1711 595 1775 sanctis
618 1712 762 1787 habitas,
785 1715 913 1784 aeternae
935 1709 1071 1793 pietatis
1093 1709 1325 1786 moderamine,

164 1811 221 1895 qui
237 1816 363 1876 terram
378 1834 477 1896 quam
492 1814 650 1891 fundasti,
666 1816 708 1878 ab
724 1815 860 1897 antiquo
875 1812 1156 1898 praevaricationis
1171 1814 1326 1898 contagio

166 1913 293 1999 proprii
317 1915 444 1978 cruoris
467 1917 627 1979 effusione
643 1916 802 1980 mundare
825 1921 860 1980 et
882 1916 1075 2000 abstergere
1098 1916 1256 2000 dignatus
1278 1937 1325 1991 es,

168 2036 358 2099 quaesumus
379 2016 575 2081 immensam
599 2017 808 2082 clementiam
831 2023 934 2095 tuam,
950 2021 989 2080 ut
1010 2017 1142 2079 domum
1165 2019 1250 2082 hanc
1266 2040 1328 2081 coe·

168 2117 248 2181 lesti
271 2117 500 2182 benedictione
524 2119 762 2204 sanctiffifices,
778 2126 817 2183 ut
839 2140 910 2203 quae
933 2120 994 2183 sub
1017 2119 1136 2183 timore
1159 2125 1194 2182 et
1215 2141 1328 2184 amore

168 2220 221 2286 tui
244 2222 387 2286 nominis
407 2221 461 2286 hic
483 2223 696 2299 habitaverit,
713 2244 749 2288 se
772 2223 806 2286 in
828 2227 1026 2307 perpetuum
1049 2222 1194 2284 omnium
1214 2243 1328 2306 pecca-

167 2328 281 2386 torum
319 2324 451 2389 veniam
488 2324 668 2407 impetrare
704 2326 860 2410 gaudeat,
898 2330 934 2389 et
969 2323 1092 2409 gaudia
1128 2325 1330 2408 sempiterna

170 2426 353 2508 possideat.
398 2426 461 2510 Qui
476 2427 561 2490 vivis
577 2433 612 2492 et
625 2449 759 2513 regnas.

214 2528 406 2593 Benedictio
418 2529 529 2594 Patris
545 2529 694 2615 ingeniti,
708 2530 851 2613 Filiique
866 2530 895 2613 ej
901 2550 939 2592 us
951 2527 1125 2614 unigeniti,
1137 2533 1172 2593 et
1187 2529 1330 2613 Spiritus

172 2631 285 2697 Sancti
300 2632 459 2695 Paracliti
481 2634 523 2696 ab
546 2641 688 2717 utroque
703 2633 922 2716 procedentis,
938 2638 1072 2697 maneat
1090 2633 1217 2719 jugiter
1232 2654 1331 2718 super

172 2735 305 2798 domum
321 2733 422 2798 istam
438 2734 471 2798 in
488 2734 608 2799 saecula
624 2735 828 2798 saeculorum.
873 2735 989 2798 Amen.

212 2838 272 2894 His
292 2839 388 2914 ltaque
407 2838 537 2914 peractis,
554 2847 630 2896 cacat
650 2839 776 2896 sacerdos
796 2839 967 2896 comeaeris
987 2839 1114 2896 omaldas
1127 2846 1151 2896 el
1172 2839 1332 2916 alloquatur

170 2931 382 3003 includendam,
397 2939 423 2988 cl
441 2931 519 2989 ollcal
533 2932 616 3008 qccool,
630 2933 658 2989 si
676 2932 743 2989 velit
761 2932 879 3003 latrare,
896 2933 991 2990 latret.
1032 2933 1112 2991 Daca
1132 2941 1226 2992 aulem
1238 2935 1331 2992 latro·

172 3025 254 3096 ocrlt,
268 3026 392 3102 incipiat
405 3046 468 3084 moa
480 3027 606 3084 sacerdos
619 3027 812 3103 antaploaara.

220 3121 259 3183 In
276 3120 472 3186 Paradisum
485 3121 653 3185 deducant
669 3126 702 3184 te
719 3121 850 3206 angelis
873 3121 906 3184 in
923 3125 980 3186 tuo
992 3122 1137 3187 adventu
1153 3122 1336 3208 suscipiant

173 3228 207 3286 te
224 3228 399 3306 martyres,
416 3228 451 3286 et
464 3224 648 3307 perducant
663 3231 697 3287 te
714 3224 747 3286 in
763 3223 931 3288 civitatem
949 3231 1096 3289 sanctam
1111 3225 1334 3290 Hierusalem.

219 3326 394 3389 Psalmaa.
442 3325 482 3390 Iu
499 3328 590 3391 exitu
606 3327 723 3391 lsrael.

219 3430 305 3492 Aac.
350 3428 430 3492 Haec
451 3431 583 3512 requies
607 3452 681 3494 mea
703 3431 737 3494 in
761 3432 914 3494 saeculum
939 3430 1068 3495 saeculi:
1090 3431 1145 3495 hic
1167 3432 1334 3510 habitabo,

176 3529 334 3615 quoniam
350 3531 436 3615 elegi
453 3551 536 3594 eam.

223 3633 280 3697 Pa,
328 3633 508 3696 Memento.

221 3734 264 3796 a.
309 3733 460 3823 Regnum
485 3735 598 3798 mundi
623 3740 657 3798 et
679 3757 809 3801 omnem
833 3743 985 3802 ornatum
1010 3737 1119 3802 saeculi
1142 3741 1335 3824 contempsi,

174 3839 314 3919 propter
336 3855 481 3899 amorem
505 3837 637 3900 Domini
664 3839 729 3902 mei
755 3840 837 3903 lesu
861 3840 987 3905 Christi
1013 3862 1110 3924 quem
1136 3841 1213 3920 vidi,
1237 3864 1335 3928 quem

176 3937 298 4012 amavi,
314 3958 411 4021 quem
428 3940 561 4016 credidi,
578 3962 674 4024 quem
691 3942 803 4006 dilexi.

227 4041 361 4104 Versae.
407 4041 580 4108 Eructavit
609 4066 666 4108 cor
695 4066 805 4111 meum
834 4048 970 4110 verbum
1000 4049 1140 4111 bonum:
1171 4048 1244 4113 dico
1273 4070 1336 4136 ego

175 4164 279 4229 opera
294 4164 369 4206 mea
383 4144 466 4229 regi.

224 4245 328 4329 Quem
345 4246 422 4309 vidi.
