<?xml version="1.0" encoding="UTF-8"?>
<!DOCTYPE html PUBLIC "-//W3C//DTD XHTML 1.0 Transitional//EN"
    "http://www.w3.org/TR/xhtml1/DTD/xhtml1-transitional.dtd">
<html xmlns="http://www.w3.org/1999/xhtml" xml:lang="en" lang="en">
 <head>
  <title>
</title>
<meta http-equiv="Content-Type" content="text/html;charset=utf-8" />
  <meta name='ocr-system' content='tesseract 3.04.00' />
  <meta name='ocr-capabilities' content='ocr_page ocr_carea ocr_par ocr_line ocrx_word'/>
</head>
<body>
  <div class='ocr_page' id='page_1' title='image "./liberpontifical01baingoog_0134.png"; bbox 0 0 2940 4996; ppageno 0'>
   <div class='ocr_carea' id='block_1_1' title="bbox 405 412 1283 486">
    <p class='ocr_par' dir='ltr' id='par_1_1' title="bbox 405 412 1283 486">
     <span class='ocr_line' id='line_1_1' title="bbox 405 412 1283 486; baseline -0.005 -8"><span class='ocrx_word' id='word_1_1' title='bbox 405 414 497 478; x_wconf 83' lang='lat' dir='ltr'><strong>Ordo</strong></span> <span class='ocrx_word' id='word_1_2' title='bbox 512 412 717 476; x_wconf 81' lang='lat' dir='ltr'><strong>Incladeadi</strong></span> <span class='ocrx_word' id='word_1_3' title='bbox 733 413 916 476; x_wconf 80' lang='lat' dir='ltr'><strong>Faraulam</strong></span> <span class='ocrx_word' id='word_1_4' title='bbox 932 415 1007 478; x_wconf 86' lang='lat' dir='ltr'><strong>Dei.</strong></span> <span class='ocrx_word' id='word_1_5' title='bbox 1243 412 1283 486; x_wconf 73' lang='lat' dir='ltr'><strong>ai</strong></span> 
     </span>
    </p>
   </div>
   <div class='ocr_carea' id='block_1_2' title="bbox 203 641 1197 735">
    <p class='ocr_par' dir='ltr' id='par_1_2' title="bbox 203 641 1197 735">
     <span class='ocr_line' id='line_1_2' title="bbox 203 641 1197 735; baseline -0.002 -3"><span class='ocrx_word' id='word_1_6' title='bbox 203 667 377 734; x_wconf 79' lang='lat' dir='ltr'><strong>morem</strong></span> <span class='ocrx_word' id='word_1_7' title='bbox 401 669 520 734; x_wconf 84' lang='lat' dir='ltr'><strong>oano</strong></span> <span class='ocrx_word' id='word_1_8' title='bbox 542 668 832 735; x_wconf 68' lang='lat' dir='ltr'><strong>suessonum</strong></span> <span class='ocrx_word' id='word_1_9' title='bbox 855 641 1085 735; x_wconf 76' lang='lat' dir='ltr'><strong>sanatam</strong></span> <span class='ocrx_word' id='word_1_10' title='bbox 1107 667 1197 732; x_wconf 80' lang='lat' dir='ltr'><strong>nni.</strong></span> 
     </span>
    </p>
   </div>
   <div class='ocr_carea' id='block_1_3' title="bbox 119 871 1278 1367">
    <p class='ocr_par' dir='ltr' id='par_1_3' title="bbox 119 871 1278 1266">
     <span class='ocr_line' id='line_1_3' title="bbox 167 871 1278 960; baseline -0.003 -25"><span class='ocrx_word' id='word_1_11' title='bbox 167 871 206 935; x_wconf 82' lang='lat' dir='ltr'><strong>a.</strong></span> <span class='ocrx_word' id='word_1_12' title='bbox 254 873 474 937; x_wconf 87' lang='lat' dir='ltr'><strong>Emendemus</strong></span> <span class='ocrx_word' id='word_1_13' title='bbox 496 875 530 937; x_wconf 90' lang='lat' dir='ltr'><strong>in</strong></span> <span class='ocrx_word' id='word_1_14' title='bbox 547 873 665 939; x_wconf 85' lang='lat' dir='ltr'><strong>melius</strong></span> <span class='ocrx_word' id='word_1_15' title='bbox 689 895 759 957; x_wconf 87' lang='lat' dir='ltr'><strong>quae</strong></span> <span class='ocrx_word' id='word_1_16' title='bbox 783 875 978 960; x_wconf 76' lang='lat' dir='ltr'><strong>ignoranter</strong></span> <span class='ocrx_word' id='word_1_17' title='bbox 1000 873 1220 958; x_wconf 80' lang='lat' dir='ltr'><strong>peccavimus,</strong></span> <span class='ocrx_word' id='word_1_18' title='bbox 1237 892 1278 933; x_wconf 93' lang='lat' dir='ltr'><strong>ne</strong></span> 
     </span>
     <span class='ocr_line' id='line_1_4' title="bbox 119 973 1277 1063; baseline -0.001 -28"><span class='ocrx_word' id='word_1_19' title='bbox 119 973 231 1038; x_wconf 90' lang='lat' dir='ltr'><strong>subito</strong></span> <span class='ocrx_word' id='word_1_20' title='bbox 251 976 471 1060; x_wconf 83' lang='lat' dir='ltr'><strong>praeoccupati</strong></span> <span class='ocrx_word' id='word_1_21' title='bbox 485 976 538 1040; x_wconf 91' lang='lat' dir='ltr'><strong>die</strong></span> <span class='ocrx_word' id='word_1_22' title='bbox 560 977 688 1052; x_wconf 90' lang='lat' dir='ltr'><strong>mortis,</strong></span> <span class='ocrx_word' id='word_1_23' title='bbox 703 998 888 1060; x_wconf 72' lang='lat' dir='ltr'><strong>queramus</strong></span> <span class='ocrx_word' id='word_1_24' title='bbox 910 978 1053 1063; x_wconf 92' lang='lat' dir='ltr'><strong>spatium</strong></span> <span class='ocrx_word' id='word_1_25' title='bbox 1079 973 1277 1060; x_wconf 77' lang='lat' dir='ltr'><strong>poenitentiae</strong></span> 
     </span>
     <span class='ocr_line' id='line_1_5' title="bbox 121 1076 1277 1162; baseline 0.001 -24"><span class='ocrx_word' id='word_1_26' title='bbox 121 1082 157 1139; x_wconf 87' lang='lat' dir='ltr'><strong>et</strong></span> <span class='ocrx_word' id='word_1_27' title='bbox 184 1076 334 1142; x_wconf 90' lang='lat' dir='ltr'><strong>invenire</strong></span> <span class='ocrx_word' id='word_1_28' title='bbox 363 1100 430 1142; x_wconf 92' lang='lat' dir='ltr'><strong>non</strong></span> <span class='ocrx_word' id='word_1_29' title='bbox 459 1079 636 1162; x_wconf 88' lang='lat' dir='ltr'><strong>possimus.</strong></span> <span class='ocrx_word' id='word_1_30' title='bbox 681 1080 837 1156; x_wconf 86' lang='lat' dir='ltr'><strong>Attende,</strong></span> <span class='ocrx_word' id='word_1_31' title='bbox 865 1080 1016 1156; x_wconf 88' lang='lat' dir='ltr'><strong>Domine,</strong></span> <span class='ocrx_word' id='word_1_32' title='bbox 1044 1084 1079 1143; x_wconf 88' lang='lat' dir='ltr'><strong>et</strong></span> <span class='ocrx_word' id='word_1_33' title='bbox 1108 1079 1277 1151; x_wconf 86' lang='lat' dir='ltr'><strong>miserere,</strong></span> 
     </span>
     <span class='ocr_line' id='line_1_6' title="bbox 120 1177 560 1266; baseline 0.002 -26"><span class='ocrx_word' id='word_1_34' title='bbox 120 1177 201 1262; x_wconf 89' lang='lat' dir='ltr'><strong>quia</strong></span> <span class='ocrx_word' id='word_1_35' title='bbox 215 1181 424 1264; x_wconf 76' lang='lat' dir='ltr'>peccavimus</span> <span class='ocrx_word' id='word_1_36' title='bbox 438 1180 511 1245; x_wconf 92' lang='lat' dir='ltr'><strong>tibi.</strong></span> <span class='ocrx_word' id='word_1_37' title='bbox 556 1261 560 1266; x_wconf 23' lang='lat'>⁵</span> 
     </span>
    </p>

    <p class='ocr_par' dir='ltr' id='par_1_4' title="bbox 163 1272 1278 1367">
     <span class='ocr_line' id='line_1_7' title="bbox 163 1272 1278 1367; baseline -0.004 -24"><span class='ocrx_word' id='word_1_38' title='bbox 163 1280 337 1346; x_wconf 83' lang='lat' dir='ltr'><strong>Psalmas.</strong></span> <span class='ocrx_word' id='word_1_39' title='bbox 382 1272 595 1350; x_wconf 82' lang='lat' dir='ltr'><strong>Peccarimus</strong></span> <span class='ocrx_word' id='word_1_40' title='bbox 608 1303 681 1346; x_wconf 87' lang='lat' dir='ltr'><strong>cum</strong></span> <span class='ocrx_word' id='word_1_41' title='bbox 692 1282 844 1367; x_wconf 87' lang='lat' dir='ltr'><strong>patribus</strong></span> <span class='ocrx_word' id='word_1_42' title='bbox 857 1283 991 1358; x_wconf 89' lang='lat' dir='ltr'><strong>nostris,</strong></span> <span class='ocrx_word' id='word_1_43' title='bbox 1003 1283 1127 1366; x_wconf 88' lang='lat' dir='ltr'><strong>injuste</strong></span> <span class='ocrx_word' id='word_1_44' title='bbox 1137 1279 1278 1363; x_wconf 83' lang='lat' dir='ltr'>egimus,</span> 
     </span>
    </p>
   </div>
   <div class='ocr_carea' id='block_1_4' title="bbox 119 1381 496 1550">
    <p class='ocr_par' dir='ltr' id='par_1_5' title="bbox 119 1381 496 1550">
     <span class='ocr_line' id='line_1_8' title="bbox 119 1381 496 1465; baseline 0.011 -22"><span class='ocrx_word' id='word_1_45' title='bbox 119 1381 331 1465; x_wconf 89' lang='lat' dir='ltr'><strong>iniquitatem</strong></span> <span class='ocrx_word' id='word_1_46' title='bbox 346 1384 496 1448; x_wconf 82' lang='lat' dir='ltr'>fecimus.</span> 
     </span>
     <span class='ocr_line' id='line_1_9' title="bbox 164 1485 322 1550; baseline 0.013 -2"><span class='ocrx_word' id='word_1_47' title='bbox 164 1485 322 1550; x_wconf 84' lang='lat' dir='ltr'><strong>Attende.</strong></span> 
     </span>
    </p>
   </div>
   <div class='ocr_carea' id='block_1_5' title="bbox 45 1586 1272 4311">
    <p class='ocr_par' dir='ltr' id='par_1_6' title="bbox 159 1586 1155 1768">
     <span class='ocr_line' id='line_1_10' title="bbox 159 1586 1155 1664; baseline 0 -21"><span class='ocrx_word' id='word_1_48' title='bbox 159 1586 263 1644; x_wconf 81' lang='lat' dir='ltr'><em>Postea</em></span> <span class='ocrx_word' id='word_1_49' title='bbox 275 1595 434 1664; x_wconf 77' lang='lat' dir='ltr'><strong>prosteraat</strong></span> <span class='ocrx_word' id='word_1_50' title='bbox 445 1609 473 1645; x_wconf 85' lang='lat' dir='ltr'><strong>se</strong></span> <span class='ocrx_word' id='word_1_51' title='bbox 485 1588 611 1646; x_wconf 77' lang='lat' dir='ltr'><strong><em>sacerdos</em></strong></span> <span class='ocrx_word' id='word_1_52' title='bbox 624 1608 707 1664; x_wconf 80' lang='lat' dir='ltr'><strong>saper</strong></span> <span class='ocrx_word' id='word_1_53' title='bbox 721 1588 820 1658; x_wconf 81' lang='lat' dir='ltr'><strong>attare,</strong></span> <span class='ocrx_word' id='word_1_54' title='bbox 834 1589 951 1647; x_wconf 79' lang='lat' dir='ltr'><strong>diceudo</strong></span> <span class='ocrx_word' id='word_1_55' title='bbox 966 1589 1013 1645; x_wconf 82' lang='lat' dir='ltr'><strong>bos</strong></span> <span class='ocrx_word' id='word_1_56' title='bbox 1027 1587 1155 1664; x_wconf 67' lang='lat' dir='ltr'><strong>psallens.</strong></span> 
     </span>
     <span class='ocr_line' id='line_1_11' title="bbox 160 1680 714 1768; baseline -0.004 -22"><span class='ocrx_word' id='word_1_57' title='bbox 160 1680 314 1758; x_wconf 82' lang='lat' dir='ltr'><strong>Domine,</strong></span> <span class='ocrx_word' id='word_1_58' title='bbox 330 1703 371 1746; x_wconf 92' lang='lat' dir='ltr'><strong>ne</strong></span> <span class='ocrx_word' id='word_1_59' title='bbox 386 1683 421 1745; x_wconf 92' lang='lat' dir='ltr'><strong>in</strong></span> <span class='ocrx_word' id='word_1_60' title='bbox 436 1683 560 1758; x_wconf 84' lang='lat' dir='ltr'><strong>furore,</strong></span> <span class='ocrx_word' id='word_1_61' title='bbox 575 1685 598 1746; x_wconf 89' lang='lat' dir='ltr'><strong>i.</strong></span> <span class='ocrx_word' id='word_1_62' title='bbox 644 1682 714 1768; x_wconf 80' lang='lat' dir='ltr'><strong>[vi]</strong></span> 
     </span>
    </p>

    <p class='ocr_par' dir='ltr' id='par_1_7' title="bbox 162 1782 773 1869">
     <span class='ocr_line' id='line_1_12' title="bbox 162 1782 773 1869; baseline -0.002 -22"><span class='ocrx_word' id='word_1_63' title='bbox 162 1782 315 1860; x_wconf 87' lang='lat' dir='ltr'><strong>Domine,</strong></span> <span class='ocrx_word' id='word_1_64' title='bbox 331 1783 492 1847; x_wconf 86' lang='lat' dir='ltr'><strong>Dominus</strong></span> <span class='ocrx_word' id='word_1_65' title='bbox 508 1789 632 1847; x_wconf 88' lang='lat' dir='ltr'><strong>noster.</strong></span> <span class='ocrx_word' id='word_1_66' title='bbox 679 1784 773 1869; x_wconf 80' lang='lat' dir='ltr'><strong>[viii]</strong></span> 
     </span>
    </p>

    <p class='ocr_par' dir='ltr' id='par_1_8' title="bbox 161 1885 705 1964">
     <span class='ocr_line' id='line_1_13' title="bbox 161 1885 705 1964; baseline -0.002 -16"><span class='ocrx_word' id='word_1_67' title='bbox 161 1885 330 1950; x_wconf 75' lang='lat' dir='ltr'><strong>Exaudiet</strong></span> <span class='ocrx_word' id='word_1_68' title='bbox 344 1891 378 1950; x_wconf 89' lang='lat' dir='ltr'><strong>te</strong></span> <span class='ocrx_word' id='word_1_69' title='bbox 393 1886 564 1950; x_wconf 84' lang='lat' dir='ltr'><strong>Dominus.</strong></span> <span class='ocrx_word' id='word_1_70' title='bbox 612 1886 705 1964; x_wconf 68' lang='lat' dir='ltr'><strong>[xia]</strong></span> 
     </span>
    </p>

    <p class='ocr_par' dir='ltr' id='par_1_9' title="bbox 161 1986 589 2072">
     <span class='ocr_line' id='line_1_14' title="bbox 161 1986 589 2072; baseline -0.005 -22"><span class='ocrx_word' id='word_1_71' title='bbox 161 1988 260 2052; x_wconf 90' lang='lat' dir='ltr'><strong>Beati</strong></span> <span class='ocrx_word' id='word_1_72' title='bbox 276 2009 425 2072; x_wconf 90' lang='lat' dir='ltr'><strong>quorum.</strong></span> <span class='ocrx_word' id='word_1_73' title='bbox 472 1986 589 2072; x_wconf 81' lang='lat' dir='ltr'><strong>[xxxi]</strong></span> 
     </span>
    </p>

    <p class='ocr_par' dir='ltr' id='par_1_10' title="bbox 158 2086 825 2175">
     <span class='ocr_line' id='line_1_15' title="bbox 158 2086 825 2175; baseline 0.001 -22"><span class='ocrx_word' id='word_1_74' title='bbox 158 2086 290 2165; x_wconf 87' lang='lat' dir='ltr'><strong>Judica,</strong></span> <span class='ocrx_word' id='word_1_75' title='bbox 306 2090 457 2165; x_wconf 90' lang='lat' dir='ltr'><strong>Domine,</strong></span> <span class='ocrx_word' id='word_1_76' title='bbox 473 2095 642 2154; x_wconf 80' lang='lat' dir='ltr'><strong>nocentes.</strong></span> <span class='ocrx_word' id='word_1_77' title='bbox 688 2089 825 2175; x_wconf 69' lang='lat' dir='ltr'><strong>[xxxia]</strong></span> 
     </span>
    </p>

    <p class='ocr_par' dir='ltr' id='par_1_11' title="bbox 161 2191 781 2278">
     <span class='ocr_line' id='line_1_16' title="bbox 161 2191 781 2278; baseline 0.002 -24"><span class='ocrx_word' id='word_1_78' title='bbox 161 2191 313 2268; x_wconf 90' lang='lat' dir='ltr'><strong>Domine,</strong></span> <span class='ocrx_word' id='word_1_79' title='bbox 329 2214 370 2256; x_wconf 90' lang='lat' dir='ltr'><strong>ne</strong></span> <span class='ocrx_word' id='word_1_80' title='bbox 386 2192 419 2255; x_wconf 93' lang='lat' dir='ltr'><strong>in</strong></span> <span class='ocrx_word' id='word_1_81' title='bbox 435 2193 558 2268; x_wconf 85' lang='lat' dir='ltr'><strong>furore,</strong></span> <span class='ocrx_word' id='word_1_82' title='bbox 574 2194 612 2255; x_wconf 83' lang='lat' dir='ltr'><strong>ii.</strong></span> <span class='ocrx_word' id='word_1_83' title='bbox 630 2191 781 2278; x_wconf 80' lang='lat' dir='ltr'><strong>[xxxvii]</strong></span> 
     </span>
    </p>

    <p class='ocr_par' dir='ltr' id='par_1_12' title="bbox 164 2293 669 2379">
     <span class='ocr_line' id='line_1_17' title="bbox 164 2293 669 2379; baseline -0.008 -21"><span class='ocrx_word' id='word_1_84' title='bbox 164 2295 291 2358; x_wconf 80' lang='lat' dir='ltr'><strong>Beatus</strong></span> <span class='ocrx_word' id='word_1_85' title='bbox 307 2295 363 2378; x_wconf 90' lang='lat' dir='ltr'><strong>qui</strong></span> <span class='ocrx_word' id='word_1_86' title='bbox 379 2293 549 2379; x_wconf 91' lang='lat' dir='ltr'><strong>intelligit.</strong></span> <span class='ocrx_word' id='word_1_87' title='bbox 598 2293 669 2378; x_wconf 82' lang='lat' dir='ltr'><strong>[xl]</strong></span> 
     </span>
    </p>

    <p class='ocr_par' dir='ltr' id='par_1_13' title="bbox 161 2395 851 2584">
     <span class='ocr_line' id='line_1_18' title="bbox 161 2395 851 2475; baseline -0.003 -15"><span class='ocrx_word' id='word_1_88' title='bbox 161 2395 284 2460; x_wconf 83' lang='lat' dir='ltr'><strong>Jndica</strong></span> <span class='ocrx_word' id='word_1_89' title='bbox 298 2418 362 2473; x_wconf 92' lang='lat' dir='ltr'><strong>me,</strong></span> <span class='ocrx_word' id='word_1_90' title='bbox 378 2395 479 2472; x_wconf 90' lang='lat' dir='ltr'><strong>Deus,</strong></span> <span class='ocrx_word' id='word_1_91' title='bbox 496 2401 531 2460; x_wconf 89' lang='lat' dir='ltr'><strong>et</strong></span> <span class='ocrx_word' id='word_1_92' title='bbox 546 2396 707 2458; x_wconf 88' lang='lat' dir='ltr'><strong>discerne.</strong></span> <span class='ocrx_word' id='word_1_93' title='bbox 754 2397 851 2475; x_wconf 80' lang='lat' dir='ltr'><strong>[xlii]</strong></span> 
     </span>
     <span class='ocr_line' id='line_1_19' title="bbox 161 2498 429 2584; baseline -0.007 -22"><span class='ocrx_word' id='word_1_94' title='bbox 161 2499 335 2562; x_wconf 78' lang='lat' dir='ltr'><strong>Miserere.</strong></span> <span class='ocrx_word' id='word_1_95' title='bbox 381 2498 429 2584; x_wconf 86' lang='lat' dir='ltr'><strong>[l]</strong></span> 
     </span>
    </p>

    <p class='ocr_par' dir='ltr' id='par_1_14' title="bbox 159 2602 485 2681">
     <span class='ocr_line' id='line_1_20' title="bbox 159 2602 485 2681; baseline -0.003 -15"><span class='ocrx_word' id='word_1_96' title='bbox 159 2603 299 2667; x_wconf 89' lang='lat' dir='ltr'><strong>lnclina.</strong></span> <span class='ocrx_word' id='word_1_97' title='bbox 347 2602 485 2681; x_wconf 70' lang='lat' dir='ltr'><strong>[lxxxv]</strong></span> 
     </span>
    </p>

    <p class='ocr_par' dir='ltr' id='par_1_15' title="bbox 158 2705 915 2995">
     <span class='ocr_line' id='line_1_21' title="bbox 158 2705 729 2784; baseline -0.007 -13"><span class='ocrx_word' id='word_1_98' title='bbox 158 2705 312 2782; x_wconf 86' lang='lat' dir='ltr'><strong>Domine,</strong></span> <span class='ocrx_word' id='word_1_99' title='bbox 328 2706 457 2782; x_wconf 90' lang='lat' dir='ltr'><strong>exaudi,</strong></span> <span class='ocrx_word' id='word_1_100' title='bbox 472 2708 495 2769; x_wconf 86' lang='lat' dir='ltr'><strong>i.</strong></span> <span class='ocrx_word' id='word_1_101' title='bbox 543 2705 609 2784; x_wconf 82' lang='lat' dir='ltr'><strong>[ci]</strong></span> <span class='ocrx_word' id='word_1_102' title='bbox 727 2719 729 2722; x_wconf 77' lang='grc'>’</span> 
     </span>
     <span class='ocr_line' id='line_1_22' title="bbox 160 2807 915 2893; baseline -0.001 -20"><span class='ocrx_word' id='word_1_103' title='bbox 160 2810 305 2873; x_wconf 90' lang='lat' dir='ltr'><strong>Benedic</strong></span> <span class='ocrx_word' id='word_1_104' title='bbox 320 2811 359 2872; x_wconf 83' lang='lat' dir='ltr'><strong>ii.</strong></span> <span class='ocrx_word' id='word_1_105' title='bbox 374 2830 482 2891; x_wconf 84' lang='lat' dir='ltr'><strong>aeque</strong></span> <span class='ocrx_word' id='word_1_106' title='bbox 498 2812 546 2870; x_wconf 87' lang='lat' dir='ltr'><strong>ad</strong></span> <span class='ocrx_word' id='word_1_107' title='bbox 562 2809 710 2891; x_wconf 81' lang='lat' dir='ltr'><strong>abyssos.</strong></span> <span class='ocrx_word' id='word_1_108' title='bbox 758 2807 822 2887; x_wconf 86' lang='lat' dir='ltr'><strong>[cii.</strong></span> <span class='ocrx_word' id='word_1_109' title='bbox 841 2810 915 2893; x_wconf 68' lang='lat'>1-5]</span> 
     </span>
     <span class='ocr_line' id='line_1_23' title="bbox 160 2910 594 2995; baseline -0.009 -20"><span class='ocrx_word' id='word_1_110' title='bbox 160 2911 211 2975; x_wconf 90' lang='lat' dir='ltr'><strong>De</strong></span> <span class='ocrx_word' id='word_1_111' title='bbox 227 2911 411 2995; x_wconf 89' lang='lat' dir='ltr'><strong>profundis.</strong></span> <span class='ocrx_word' id='word_1_112' title='bbox 458 2910 594 2990; x_wconf 68' lang='lat' dir='ltr'><strong>[cxxix]</strong></span> 
     </span>
    </p>

    <p class='ocr_par' dir='ltr' id='par_1_16' title="bbox 156 3011 843 3199">
     <span class='ocr_line' id='line_1_24' title="bbox 156 3011 843 3097; baseline -0.006 -19"><span class='ocrx_word' id='word_1_113' title='bbox 156 3013 309 3089; x_wconf 92' lang='lat' dir='ltr'><strong>Domine,</strong></span> <span class='ocrx_word' id='word_1_114' title='bbox 326 3034 392 3076; x_wconf 90' lang='lat' dir='ltr'><strong>non</strong></span> <span class='ocrx_word' id='word_1_115' title='bbox 409 3017 461 3076; x_wconf 88' lang='lat' dir='ltr'><strong>est</strong></span> <span class='ocrx_word' id='word_1_116' title='bbox 477 3012 674 3075; x_wconf 90' lang='lat' dir='ltr'><strong>exaltatum.</strong></span> <span class='ocrx_word' id='word_1_117' title='bbox 719 3011 843 3097; x_wconf 75' lang='lat' dir='ltr'><strong>[oxum]</strong></span> 
     </span>
     <span class='ocr_line' id='line_1_25' title="bbox 158 3113 669 3199; baseline -0.008 -19"><span class='ocrx_word' id='word_1_118' title='bbox 158 3116 309 3191; x_wconf 88' lang='lat' dir='ltr'><strong>Domine,</strong></span> <span class='ocrx_word' id='word_1_119' title='bbox 326 3114 454 3191; x_wconf 89' lang='lat' dir='ltr'><strong>exaudi,</strong></span> <span class='ocrx_word' id='word_1_120' title='bbox 472 3117 509 3190; x_wconf 83' lang='lat' dir='ltr'><strong>ii,</strong></span> <span class='ocrx_word' id='word_1_121' title='bbox 554 3113 669 3199; x_wconf 79' lang='lat' dir='ltr'><strong>[cxlii]</strong></span> 
     </span>
    </p>

    <p class='ocr_par' dir='ltr' id='par_1_17' title="bbox 154 3216 896 3292">
     <span class='ocr_line' id='line_1_26' title="bbox 154 3216 896 3292; baseline -0.003 -17"><span class='ocrx_word' id='word_1_122' title='bbox 154 3219 258 3275; x_wconf 83' lang='lat' dir='ltr'><strong>Postea</strong></span> <span class='ocrx_word' id='word_1_123' title='bbox 272 3238 335 3275; x_wconf 84' lang='lat' dir='ltr'><strong>cam</strong></span> <span class='ocrx_word' id='word_1_124' title='bbox 349 3217 523 3274; x_wconf 77' lang='lat' dir='ltr'><strong>orationibus</strong></span> <span class='ocrx_word' id='word_1_125' title='bbox 536 3217 709 3292; x_wconf 77' lang='lat' dir='ltr'><strong>sequentibus</strong></span> <span class='ocrx_word' id='word_1_126' title='bbox 723 3216 785 3272; x_wconf 84' lang='lat' dir='ltr'><strong>istis</strong></span> <span class='ocrx_word' id='word_1_127' title='bbox 800 3216 896 3273; x_wconf 82' lang='lat' dir='ltr'><strong>tribas.</strong></span> 
     </span>
    </p>

    <p class='ocr_par' dir='ltr' id='par_1_18' title="bbox 45 3310 1271 3886">
     <span class='ocr_line' id='line_1_27' title="bbox 162 3310 1270 3394; baseline -0.004 -18"><span class='ocrx_word' id='word_1_128' title='bbox 162 3314 295 3378; x_wconf 81' lang='lat' dir='ltr'><strong>Oratio.</strong></span> <span class='ocrx_word' id='word_1_129' title='bbox 339 3310 441 3385; x_wconf 90' lang='lat' dir='ltr'><strong>Deus,</strong></span> <span class='ocrx_word' id='word_1_130' title='bbox 468 3311 525 3394; x_wconf 90' lang='lat' dir='ltr'><strong>qui</strong></span> <span class='ocrx_word' id='word_1_131' title='bbox 547 3311 714 3393; x_wconf 88' lang='lat' dir='ltr'><strong>justificas</strong></span> <span class='ocrx_word' id='word_1_132' title='bbox 741 3310 876 3392; x_wconf 89' lang='lat' dir='ltr'><strong>impium</strong></span> <span class='ocrx_word' id='word_1_133' title='bbox 904 3313 939 3374; x_wconf 92' lang='lat' dir='ltr'><strong>et</strong></span> <span class='ocrx_word' id='word_1_134' title='bbox 964 3332 1030 3373; x_wconf 92' lang='lat' dir='ltr'><strong>non</strong></span> <span class='ocrx_word' id='word_1_135' title='bbox 1054 3311 1105 3374; x_wconf 89' lang='lat' dir='ltr'><strong>vis</strong></span> <span class='ocrx_word' id='word_1_136' title='bbox 1132 3315 1270 3374; x_wconf 90' lang='lat' dir='ltr'><strong>mortem</strong></span> 
     </span>
     <span class='ocr_line' id='line_1_28' title="bbox 45 3412 1270 3499; baseline -0.002 -20"><span class='ocrx_word' id='word_1_137' title='bbox 45 3435 50 3444; x_wconf 92' lang='grc'><strong><em>’</em></strong></span> <span class='ocrx_word' id='word_1_138' title='bbox 109 3419 335 3499; x_wconf 86' lang='lat' dir='ltr'><strong>peccatorum,</strong></span> <span class='ocrx_word' id='word_1_139' title='bbox 352 3415 563 3496; x_wconf 86' lang='lat' dir='ltr'><strong>majestatem</strong></span> <span class='ocrx_word' id='word_1_140' title='bbox 587 3418 679 3475; x_wconf 90' lang='lat' dir='ltr'><strong>tuam</strong></span> <span class='ocrx_word' id='word_1_141' title='bbox 702 3412 896 3496; x_wconf 87' lang='lat' dir='ltr'><strong>suppliciter</strong></span> <span class='ocrx_word' id='word_1_142' title='bbox 918 3413 1141 3497; x_wconf 87' lang='lat' dir='ltr'><strong>deprecamur,</strong></span> <span class='ocrx_word' id='word_1_143' title='bbox 1162 3419 1200 3477; x_wconf 90' lang='lat' dir='ltr'><strong>ut</strong></span> <span class='ocrx_word' id='word_1_144' title='bbox 1222 3413 1270 3476; x_wconf 84' lang='lat' dir='ltr'><strong>fa-</strong></span> 
     </span>
     <span class='ocr_line' id='line_1_29' title="bbox 111 3514 1271 3599; baseline -0.003 -19"><span class='ocrx_word' id='word_1_145' title='bbox 111 3517 240 3580; x_wconf 90' lang='lat' dir='ltr'><strong>mulam</strong></span> <span class='ocrx_word' id='word_1_146' title='bbox 255 3520 347 3579; x_wconf 89' lang='lat' dir='ltr'><strong>tuam</strong></span> <span class='ocrx_word' id='word_1_147' title='bbox 363 3515 403 3577; x_wconf 90' lang='lat' dir='ltr'><strong>de</strong></span> <span class='ocrx_word' id='word_1_148' title='bbox 419 3521 479 3579; x_wconf 91' lang='lat' dir='ltr'><strong>tua</strong></span> <span class='ocrx_word' id='word_1_149' title='bbox 493 3514 720 3577; x_wconf 88' lang='lat' dir='ltr'><strong>misericordia</strong></span> <span class='ocrx_word' id='word_1_150' title='bbox 739 3515 957 3578; x_wconf 84' lang='lat' dir='ltr'><strong>confidentem</strong></span> <span class='ocrx_word' id='word_1_151' title='bbox 974 3514 1099 3578; x_wconf 86' lang='lat' dir='ltr'><strong>coelesti</strong></span> <span class='ocrx_word' id='word_1_152' title='bbox 1114 3522 1271 3599; x_wconf 86' lang='lat' dir='ltr'><strong>protegas</strong></span> 
     </span>
     <span class='ocr_line' id='line_1_30' title="bbox 109 3616 1271 3704; baseline -0.002 -24"><span class='ocrx_word' id='word_1_153' title='bbox 109 3617 278 3702; x_wconf 83' lang='lat' dir='ltr'><strong>benignus</strong></span> <span class='ocrx_word' id='word_1_154' title='bbox 307 3616 433 3680; x_wconf 87' lang='lat' dir='ltr'><strong>auxilio</strong></span> <span class='ocrx_word' id='word_1_155' title='bbox 464 3621 499 3679; x_wconf 89' lang='lat' dir='ltr'><strong>et</strong></span> <span class='ocrx_word' id='word_1_156' title='bbox 529 3617 664 3679; x_wconf 88' lang='lat' dir='ltr'><strong>assidua</strong></span> <span class='ocrx_word' id='word_1_157' title='bbox 693 3616 898 3699; x_wconf 91' lang='lat' dir='ltr'><strong>protectione</strong></span> <span class='ocrx_word' id='word_1_158' title='bbox 929 3636 1115 3704; x_wconf 89' lang='lat' dir='ltr'><strong>conserves,</strong></span> <span class='ocrx_word' id='word_1_159' title='bbox 1141 3622 1179 3679; x_wconf 88' lang='lat' dir='ltr'><strong>ut</strong></span> <span class='ocrx_word' id='word_1_160' title='bbox 1209 3617 1271 3680; x_wconf 89' lang='lat' dir='ltr'><strong>tibi</strong></span> 
     </span>
     <span class='ocr_line' id='line_1_31' title="bbox 105 3717 1270 3804; baseline -0.003 -22"><span class='ocrx_word' id='word_1_161' title='bbox 105 3720 239 3804; x_wconf 86' lang='lat' dir='ltr'><strong>jugiter</strong></span> <span class='ocrx_word' id='word_1_162' title='bbox 265 3718 447 3782; x_wconf 87' lang='lat' dir='ltr'><strong>famuletur</strong></span> <span class='ocrx_word' id='word_1_163' title='bbox 477 3722 511 3781; x_wconf 89' lang='lat' dir='ltr'><strong>et</strong></span> <span class='ocrx_word' id='word_1_164' title='bbox 537 3717 639 3780; x_wconf 89' lang='lat' dir='ltr'><strong>nullis</strong></span> <span class='ocrx_word' id='word_1_165' title='bbox 671 3717 945 3801; x_wconf 89' lang='lat' dir='ltr'><strong>temptationibus</strong></span> <span class='ocrx_word' id='word_1_166' title='bbox 971 3739 992 3781; x_wconf 90' lang='lat' dir='ltr'><strong>a</strong></span> <span class='ocrx_word' id='word_1_167' title='bbox 1021 3723 1055 3780; x_wconf 83' lang='lat' dir='ltr'><strong>tc</strong></span> <span class='ocrx_word' id='word_1_168' title='bbox 1087 3723 1270 3801; x_wconf 88' lang='lat' dir='ltr'><strong>separetur.</strong></span> 
     </span>
     <span class='ocr_line' id='line_1_32' title="bbox 111 3821 385 3886; baseline -0.015 0"><span class='ocrx_word' id='word_1_169' title='bbox 111 3823 178 3886; x_wconf 90' lang='lat' dir='ltr'><strong>Per</strong></span> <span class='ocrx_word' id='word_1_170' title='bbox 191 3821 385 3886; x_wconf 87' lang='lat' dir='ltr'><strong>Dominum.-</strong></span> 
     </span>
    </p>

    <p class='ocr_par' dir='ltr' id='par_1_19' title="bbox 106 3919 1272 4311">
     <span class='ocr_line' id='line_1_33' title="bbox 129 3919 1271 4004; baseline -0.002 -18"><span class='ocrx_word' id='word_1_171' title='bbox 129 3966 140 3974; x_wconf 85' lang='lat'><strong>-·</strong></span> <span class='ocrx_word' id='word_1_172' title='bbox 166 3924 299 3987; x_wconf 82' lang='lat' dir='ltr'><strong>Oratio.</strong></span> <span class='ocrx_word' id='word_1_173' title='bbox 355 3923 472 3998; x_wconf 84' lang='lat' dir='ltr'><strong>Tuere,</strong></span> <span class='ocrx_word' id='word_1_174' title='bbox 503 3942 702 4004; x_wconf 84' lang='lat' dir='ltr'><strong>quaesumus,</strong></span> <span class='ocrx_word' id='word_1_175' title='bbox 732 3920 881 3996; x_wconf 90' lang='lat' dir='ltr'><strong>Domine,</strong></span> <span class='ocrx_word' id='word_1_176' title='bbox 913 3919 1072 3984; x_wconf 84' lang='lat' dir='ltr'><strong>famulam</strong></span> <span class='ocrx_word' id='word_1_177' title='bbox 1102 3926 1206 3995; x_wconf 88' lang='lat' dir='ltr'><strong>tuam,</strong></span> <span class='ocrx_word' id='word_1_178' title='bbox 1237 3927 1271 3984; x_wconf 89' lang='lat' dir='ltr'><strong>et</strong></span> 
     </span>
     <span class='ocr_line' id='line_1_34' title="bbox 108 4023 1272 4108; baseline -0.003 -19"><span class='ocrx_word' id='word_1_179' title='bbox 108 4025 337 4090; x_wconf 88' lang='lat' dir='ltr'><strong>intercedente</strong></span> <span class='ocrx_word' id='word_1_180' title='bbox 359 4027 459 4089; x_wconf 88' lang='lat' dir='ltr'><strong>beata</strong></span> <span class='ocrx_word' id='word_1_181' title='bbox 474 4025 536 4088; x_wconf 95' lang='lat' dir='ltr'><strong>Dei</strong></span> <span class='ocrx_word' id='word_1_182' title='bbox 559 4025 719 4108; x_wconf 83' lang='lat' dir='ltr'><strong>genitrice</strong></span> <span class='ocrx_word' id='word_1_183' title='bbox 743 4023 852 4087; x_wconf 89' lang='lat' dir='ltr'><strong>Maria</strong></span> <span class='ocrx_word' id='word_1_184' title='bbox 875 4045 948 4086; x_wconf 92' lang='lat' dir='ltr'><strong>cum</strong></span> <span class='ocrx_word' id='word_1_185' title='bbox 972 4023 1123 4087; x_wconf 92' lang='lat' dir='ltr'><strong>omnibus</strong></span> <span class='ocrx_word' id='word_1_186' title='bbox 1148 4025 1272 4087; x_wconf 88' lang='lat' dir='ltr'><strong>sanctis</strong></span> 
     </span>
     <span class='ocr_line' id='line_1_35' title="bbox 107 4126 1270 4212; baseline -0.003 -20"><span class='ocrx_word' id='word_1_187' title='bbox 107 4129 178 4192; x_wconf 91' lang='lat' dir='ltr'><strong>tuis</strong></span> <span class='ocrx_word' id='word_1_188' title='bbox 201 4127 318 4212; x_wconf 75' lang='lat' dir='ltr'><strong>gratia</strong></span> <span class='ocrx_word' id='word_1_189' title='bbox 339 4132 404 4192; x_wconf 85' lang='lat' dir='ltr'><strong>tuae</strong></span> <span class='ocrx_word' id='word_1_190' title='bbox 424 4128 457 4190; x_wconf 88' lang='lat' dir='ltr'><strong>iu</strong></span> <span class='ocrx_word' id='word_1_191' title='bbox 481 4149 521 4190; x_wconf 92' lang='lat' dir='ltr'><strong>ea</strong></span> <span class='ocrx_word' id='word_1_192' title='bbox 544 4127 631 4190; x_wconf 88' lang='lat' dir='ltr'><strong>dona</strong></span> <span class='ocrx_word' id='word_1_193' title='bbox 653 4127 848 4210; x_wconf 91' lang='lat' dir='ltr'><strong>multiplica,</strong></span> <span class='ocrx_word' id='word_1_194' title='bbox 865 4131 904 4189; x_wconf 90' lang='lat' dir='ltr'><strong>ut</strong></span> <span class='ocrx_word' id='word_1_195' title='bbox 925 4127 967 4189; x_wconf 90' lang='lat' dir='ltr'><strong>ab</strong></span> <span class='ocrx_word' id='word_1_196' title='bbox 991 4126 1141 4188; x_wconf 89' lang='lat' dir='ltr'><strong>omnibus</strong></span> <span class='ocrx_word' id='word_1_197' title='bbox 1164 4127 1270 4189; x_wconf 89' lang='lat' dir='ltr'><strong>libera</strong></span> 
     </span>
     <span class='ocr_line' id='line_1_36' title="bbox 106 4226 1270 4311; baseline -0.001 -17"><span class='ocrx_word' id='word_1_198' title='bbox 106 4228 257 4304; x_wconf 86' lang='lat' dir='ltr'><strong>offensis,</strong></span> <span class='ocrx_word' id='word_1_199' title='bbox 272 4228 514 4310; x_wconf 88' lang='lat' dir='ltr'><strong>temporalibus</strong></span> <span class='ocrx_word' id='word_1_200' title='bbox 536 4249 600 4290; x_wconf 89' lang='lat' dir='ltr'><strong>non</strong></span> <span class='ocrx_word' id='word_1_201' title='bbox 626 4228 830 4291; x_wconf 87' lang='lat' dir='ltr'><strong>destituatur</strong></span> <span class='ocrx_word' id='word_1_202' title='bbox 853 4226 985 4290; x_wconf 86' lang='lat' dir='ltr'><strong>auxiliis</strong></span> <span class='ocrx_word' id='word_1_203' title='bbox 1001 4232 1036 4290; x_wconf 91' lang='lat' dir='ltr'><strong>et</strong></span> <span class='ocrx_word' id='word_1_204' title='bbox 1060 4228 1270 4311; x_wconf 89' lang='lat' dir='ltr'><strong>sempiternis</strong></span> 
     </span>
    </p>
   </div>
   <div class='ocr_carea' id='block_1_6' title="bbox 104 4329 760 4497">
    <p class='ocr_par' dir='ltr' id='par_1_20' title="bbox 104 4329 760 4497">
     <span class='ocr_line' id='line_1_37' title="bbox 104 4329 760 4416; baseline -0.003 -22"><span class='ocrx_word' id='word_1_205' title='bbox 104 4330 255 4416; x_wconf 86' lang='lat' dir='ltr'><strong>gaudeat</strong></span> <span class='ocrx_word' id='word_1_206' title='bbox 270 4329 449 4393; x_wconf 87' lang='lat' dir='ltr'><strong>institutis.</strong></span> <span class='ocrx_word' id='word_1_207' title='bbox 494 4330 558 4392; x_wconf 90' lang='lat' dir='ltr'><strong>Per</strong></span> <span class='ocrx_word' id='word_1_208' title='bbox 573 4329 760 4392; x_wconf 91' lang='lat' dir='ltr'><strong>Dominum.</strong></span> 
     </span>
     <span class='ocr_line' id='line_1_38' title="bbox 194 4430 350 4497; baseline -0.026 0"><span class='ocrx_word' id='word_1_209' title='bbox 194 4431 291 4497; x_wconf 89' lang='lat' dir='ltr'><strong>Pont.</strong></span> <span class='ocrx_word' id='word_1_210' title='bbox 309 4430 350 4493; x_wconf 90' lang='grc'><strong>10</strong></span> 
     </span>
    </p>
   </div>
   <div class='ocr_carea' id='block_1_7' title="bbox 0 0 1474 4996">
    <p class='ocr_par' dir='ltr' id='par_1_21' title="bbox 0 0 1474 4996">
     <span class='ocr_line' id='line_1_39' title="bbox 0 0 1474 4996; baseline 0 4"><span class='ocrx_word' id='word_1_211' title='bbox 0 0 1474 4996; x_wconf 95' lang='lat' dir='ltr'><strong> </strong></span> 
     </span>
    </p>
   </div>
  </div>
 </body>
</html>
