2940 4996
504 389 688 450 Ordinatio
706 388 962 470 Acolytliorum.

159 710 302 787 Christe,
327 714 384 793 qui
408 734 481 775 cum
507 734 595 776 e··0
626 720 660 777 et
685 714 840 798 Spi-ri-tu
866 715 986 778 Sancto
1012 715 1109 779 vi-vit
1134 721 1168 778 et
1191 721 1312 800 regnat

156 985 296 1050 De--us

202 1245 242 1306 Ο-
253 1267 318 1308 ·re-
329 1268 426 1309 ·mus.

426 1351 612 1414 Diueouus.
657 1351 856 1416 Fleetamus.
904 1353 1039 1418 Levate.

462 1469 596 1545 Sequitur
609 1470 772 1528 Benedictio
786 1471 998 1548 Aeolytliorarn.

201 1565 338 1628 Domine
370 1573 493 1640 sancte,
521 1566 621 1627 Pater
650 1565 866 1647 omnipotens,
894 1570 1014 1629 aeterne
1039 1564 1140 1640 Deua,
1169 1564 1226 1646 qui
1251 1585 1311 1647 per

157 1667 273 1730 iesum
287 1667 454 1730 Christum
467 1667 588 1730 Filium
600 1675 694 1729 tuum
707 1666 884 1729 Dominum
897 1674 1047 1731 nostrum
1061 1674 1095 1730 et
1107 1687 1167 1750 per
1178 1671 1311 1748 aposto-

157 1771 208 1832 los
225 1772 309 1851 ejus,
324 1770 358 1831 in
374 1771 459 1831 hunc
473 1771 629 1832 mundum
645 1769 756 1833 lumen
769 1770 933 1834 claritatis
948 1776 1012 1834 tuae
1028 1770 1161 1843 misisti,
1178 1768 1311 1852 quique,

158 1872 445 1935 utmortisnostrae
455 1872 783 1954 antiquumaboleres
793 1871 1313 1957 chirographum,gloriosissimae

158 1975 252 2036 illum
276 1975 381 2036 crucis
404 1974 524 2036 vexillo
547 1975 646 2058 affigi,
667 1980 701 2037 et
724 1976 918 2060 sangninem
941 1981 974 2039 et
1000 1996 1119 2058 aquam
1142 1995 1182 2036 ex
1206 1973 1312 2037 latere

159 2078 248 2140 illius
265 2099 323 2160 pro
342 2077 448 2139 salute
464 2077 595 2160 generis
610 2078 744 2140 humani
769 2079 899 2139 effluere
923 2077 1067 2152 voluisti,
1084 2074 1311 2148 bene>1⁴dicere

158 2182 295 2266 dignare
323 2181 384 2241 hos
411 2177 552 2240 famulos
579 2186 654 2240 tuos
681 2178 724 2240 N.
749 2179 784 2241 in
808 2179 911 2241 officio
940 2178 1176 2262 acolythorum,
1204 2184 1243 2240 ut
1267 2178 1311 2240 ad

158 2283 399 2349 accendendum
411 2280 677 2342 lumeneeclesiae
690 2286 753 2342 tuse
773 2287 805 2342 et
817 2281 858 2343 ad
881 2281 1123 2365 suggerendum
1147 2279 1259 2341 vinum
1277 2289 1312 2343 et

159 2407 278 2469 aquam
289 2385 329 2447 ad
346 2382 580 2446 conficiendum
598 2382 791 2465 sanguinem
805 2381 928 2445 Christi
940 2382 1018 2445 Filii
1034 2383 1083 2445 tui
1096 2382 1129 2443 in
1141 2383 1312 2445 offerenda

160 2487 370 2561 eucharistia,
405 2484 528 2546 sanctis
566 2482 727 2546 altaribus
764 2485 831 2546 tuis
868 2484 1011 2547 fideliter
1049 2483 1312 2548 subministrent.

162 2589 320 2662 Aeneade,
336 2587 485 2662 Domine,
501 2592 629 2647 mentes
653 2607 765 2647 eorum
786 2592 820 2649 et
835 2587 944 2661 corda,
961 2587 1003 2649 ad
1024 2606 1169 2649 amorem
1191 2587 1311 2670 gratiae

159 2702 232 2767 tuae,
246 2698 284 2755 ut
305 2690 482 2752 illuminati
505 2687 597 2750 vultu
622 2688 806 2771 splendoris
828 2689 887 2764 tui,
904 2689 1046 2751 fideliter
1061 2689 1121 2751 tibi
1144 2688 1178 2750 in
1194 2700 1313 2752 saneta

159 2794 299 2856 ecelesia
321 2792 520 2854 deserviant.
565 2791 629 2852 Per
651 2791 789 2852 eundem
816 2791 993 2852 Dominum
1020 2796 1170 2852 nostrum
1194 2790 1312 2853 Jesum

158 2899 324 2961 Christum
341 2896 460 2958 Filium
477 2903 580 2957 tunm.
626 2895 687 2976 Qui
703 2900 812 2956 teeum
829 2895 912 2958 vivit
926 2901 960 2958 et
977 2901 1106 2979 regnat.

639 2998 786 3060 Oremus.

199 3104 337 3167 Domine
370 3109 492 3177 sancte,
524 3103 622 3164 Pater
653 3102 868 3183 omnipotens,
898 3107 1017 3165 aeterne
1047 3101 1148 3178 Deus,
1180 3105 1236 3187 qni
1266 3108 1310 3169 ad

156 3210 294 3290 Moysen
326 3210 359 3267 et
389 3208 499 3266 Aaron
531 3204 659 3266 locutus
689 3225 725 3267 es
755 3209 794 3266 ut
823 3205 1077 3267 accenderentur
1106 3205 1247 3270 lucernae
1274 3210 1309 3270 in

157 3309 369 3376 tabernaculo
408 3307 596 3381 testimonii,
631 3304 857 3377 benethdicere
891 3308 1036 3392 digneris
1071 3311 1131 3372 hos
1164 3311 1309 3375 famulos

157 3427 243 3490 tuos,
261 3414 303 3476 N.
322 3421 359 3476 ut
375 3414 442 3476 sint
457 3410 601 3493 acolythi
619 3411 650 3471 in
667 3410 808 3473 ecclesia
822 3416 890 3473 tua.
937 3412 1009 3472 Per.

679 3515 808 3577 Oratio.

200 3628 413 3710 Omnipotens
431 3623 627 3702 sempiterne
651 3617 752 3692 Deus,
769 3619 842 3680 fons
865 3618 947 3681 lueis
964 3626 997 3683 et
1021 3621 1113 3704 origo
1137 3623 1308 3700 honitatis,

155 3735 211 3816 qui
228 3752 287 3815 per
300 3729 413 3792 Jesum
434 3725 601 3789 Christum
625 3721 744 3782 Filium
762 3727 864 3795 tuum,
882 3722 989 3784 lumen
1010 3744 1131 3799 verum,
1149 3725 1307 3790 mundum

156 3833 359 3906 illuminasti,
372 3831 508 3911 ejusque
525 3825 688 3909 passionis
705 3825 859 3906 mysterio
883 3826 1062 3900 redemisti,
1077 3823 1307 3896 heneffldicere

154 3943 291 4023 dignare
317 3935 378 3996 hos
404 3931 547 3995 famulos
578 3935 661 4002 tuos,
691 3928 734 3989 N.
762 3948 844 4010 quos
875 3928 908 3989 in
943 3928 1047 3990 officio
1078 3929 1306 4012 acolythorum

153 4057 394 4109 consecramus,
418 4039 590 4116 poscentes
615 4031 822 4092 elementiam
850 4036 951 4104 tuam,
976 4036 1014 4093 nt
1040 4052 1153 4094 eorum
1177 4042 1308 4098 mentes

153 4154 188 4208 et
211 4142 332 4204 lumine
355 4136 496 4200 scientiae
519 4141 583 4196 tuae
607 4133 765 4205 illustres,
786 4140 819 4192 et
842 4133 975 4214 pietatis
999 4140 1062 4195 tuae
1084 4155 1158 4196 rore
1174 4136 1304 4220 irriges,

154 4256 189 4309 ut
213 4247 260 4307 ita
287 4246 475 4326 perceptum
504 4234 730 4307 ministerium,
755 4241 788 4296 te
813 4234 1004 4309 auxiliante,
1029 4242 1202 4320 peragant,
1226 4259 1305 4320 qua-
