2940 4996
483 429 703 493 Consecrctio
720 429 818 512 Ipsis
834 439 867 493 ct
885 431 991 494 Cerci.
1257 430 1321 496 335

157 614 368 680 benedictum
392 622 454 679 est.
500 617 550 680 Tu
567 617 624 700 qui
646 616 858 681 inluminasti
881 640 1012 682 omnem
1035 621 1203 696 mundum,
1220 620 1262 684 ab
1278 641 1317 684 eo

156 721 282 785 lumine
299 721 519 786 accendamur
541 728 576 787 et
598 722 838 786 inluminemur
860 723 938 808 igne
962 725 1130 791 claritatis
1148 731 1223 790 tua.
1268 727 1320 790 Τιι

156 845 193 888 es
220 824 310 910 ignis
338 825 394 908 qui
413 824 539 889 famulo
566 830 626 889 tuo
649 826 762 911 Moysi
789 826 822 888 in
846 828 929 890 rubo
957 830 1156 913 apparuisti.
1202 830 1253 893 Tu
1280 850 1318 894 es

158 927 312 991 columna
338 927 428 1011 ignis
456 929 513 1012 qui
540 929 699 1013 populum
728 928 836 992 Israel
862 930 897 993 in
924 937 1022 994 nocte
1049 931 1254 996 defendebas
1285 938 1320 997 et

158 1030 386 1096 illuminabas.
433 1032 485 1095 Tu
509 1032 596 1095 enim
613 1037 684 1096 tres
700 1053 823 1116 pueros
839 1033 879 1096 de
894 1034 1030 1098 fornace
1046 1034 1135 1119 ignis
1153 1034 1320 1114 liberasti,

159 1133 312 1209 Domine,
335 1156 409 1197 cum
433 1133 519 1198 Filio
542 1140 603 1198 tuo
625 1134 709 1198 Jesu
733 1133 867 1200 Christo
891 1142 927 1201 et
951 1136 1073 1201 Sancto
1098 1136 1227 1222 Spiritu
1250 1142 1320 1214 tuo,

160 1237 217 1320 qui
234 1237 267 1298 in
283 1237 361 1318 igne
384 1258 486 1320 super
507 1237 681 1322 apostolos
701 1237 853 1321 singulos
876 1238 930 1302 die
953 1239 1172 1304 Pentecostes
1188 1245 1223 1304 et
1244 1246 1323 1324 post

161 1345 295 1422 tempus
312 1360 413 1423 super
429 1337 621 1403 Cornelium
636 1361 710 1403 cum
735 1341 825 1402 omni
842 1341 939 1404 domo
956 1361 1017 1405 sua
1039 1342 1101 1406 tibi
1118 1341 1262 1424 primum
1279 1364 1320 1406 cx

160 1442 318 1526 gentibus
341 1442 533 1506 credentem
548 1442 589 1505 de
613 1442 694 1506 coelo
719 1442 942 1519 descendisti3
966 1448 1005 1507 ut
1021 1443 1109 1508 sicut
1131 1465 1189 1508 eos
1205 1466 1320 1510 omnes

159 1543 372 1608 conservasti
400 1548 435 1607 et
461 1543 684 1619 inluminasti,
707 1545 757 1609 ita
786 1566 905 1609 sensus
929 1551 1063 1610 nostros
1091 1548 1256 1631 cordaque
1285 1553 1321 1613 et

163 1646 293 1709 animas
319 1652 454 1710 nostras
481 1647 515 1709 in
542 1648 605 1710 hac
632 1647 784 1730 paschali
812 1648 1042 1713 sollemnitate
1068 1655 1103 1714 et
1130 1652 1217 1713 omni
1244 1652 1322 1716 vita

163 1754 285 1813 nostrae
301 1755 452 1833 tempore
475 1749 678 1813 inluminare
701 1750 779 1834 igne
805 1750 953 1834 Spiritus
978 1752 1092 1817 Sancti
1109 1753 1268 1839 digneris,
1285 1761 1324 1821 ut

162 1853 204 1916 ad
221 1853 324 1918 vitam
337 1859 495 1918 aternam
511 1855 688 1937 pervenire
700 1875 889 1918 mereamur
901 1857 935 1918 in
952 1855 1055 1921 coelis.
1102 1857 1164 1921 Per
1179 1859 1320 1924 eundem

165 1954 354 2019 Dominum.

205 2059 288 2119 Alia.

209 2155 352 2218 Oramus
368 2161 412 2232 te,
429 2155 570 2219 Domine
586 2155 679 2218 Deus
695 2160 821 2230 noster,
838 2159 877 2219 ut
892 2176 1010 2220 cereus
1031 2155 1095 2220 iste
1112 2157 1147 2218 in
1163 2157 1322 2222 honorem

166 2257 310 2320 nominis
319 2257 370 2320 tui
381 2263 598 2321 consecratus
609 2257 650 2322 ad
661 2258 769 2320 noctis
780 2258 882 2340 hujus
894 2257 1071 2342 caliginem
1085 2259 1323 2325 destruendam

165 2361 358 2425 indeficiens
397 2368 600 2444 perseveret,
636 2365 668 2424 et
703 2361 738 2424 in
776 2362 909 2425 odorem
949 2364 1126 2428 suavitatis
1164 2372 1321 2450 acceptus

167 2465 321 2549 supernis
337 2464 559 2528 luminaribus
582 2464 776 2528 misceatur.
820 2464 991 2530 Flammas
1008 2466 1082 2549 ejus
1098 2467 1232 2531 Lucifer
1253 2492 1323 2535 ma·

165 2568 296 2631 tutinus
318 2566 490 2642 inveniat3
514 2566 583 2641 ille,
607 2567 754 2650 inquam,
777 2566 913 2631 Lucifer
934 2569 992 2651 qui
1015 2570 1121 2637 nescit
1145 2592 1320 2649 occasum;

163 2669 220 2734 ille
237 2670 294 2753 qui
309 2690 486 2754 regressus
502 2670 544 2733 ab
561 2669 678 2733 inferis
694 2671 840 2734 humano
855 2671 972 2755 generi
988 2692 1128 2738 serenus
1143 2673 1276 2764 inluxit

205 2774 287 2830 Alio.

210 2870 390 2932 Precamur
412 2889 493 2952 ergo
517 2873 561 2944 te,
586 2868 736 2945 Domine,
761 2877 799 2932 ut
824 2890 885 2932 nos
912 2870 1058 2935 famulos
1081 2878 1169 2950 tuos,
1193 2896 1323 2938 omnem

167 2972 292 3036 clerum
314 2975 349 3034 et
371 2970 624 3034 devotissimum
646 2971 818 3054 populum,
835 2992 901 3035 una
923 2993 997 3036 cum
1020 2974 1216 3039 beatissimo
1239 3000 1327 3062 papa

168 3082 285 3141 nostro
312 3076 376 3152 ill,
405 3077 517 3159 quiete
545 3080 732 3160 temporum
765 3095 933 3151 concessa,
960 3076 994 3137 in
1026 3076 1079 3140 his
1109 3079 1327 3161 paschalibus

168 3180 300 3266 gaudiis
317 3199 517 3243 conservare
533 3179 692 3264 digneris.
738 3179 803 3242 Per
818 3177 1006 3242 Dominum.
1119 3194 1120 3198 ’

278 3414 557 3481 BENEDIOTIO
581 3416 758 3493 FONTIS,
782 3415 940 3480 LACTIS
964 3416 1023 3482 ΕΤ
1046 3417 1215 3482 MELLIS

216 3605 370 3680 Benedic‚
387 3605 538 3681 Domine,
556 3608 589 3667 et
606 3604 667 3667 has
685 3610 857 3669 creaturas
873 3605 976 3669 fontis
992 3605 1092 3670 lactis
1108 3612 1142 3670 et
1157 3606 1277 3683 mellis,
1294 3612 1329 3672 et

171 3717 251 3797 pota
280 3707 425 3772 famulos
455 3713 532 3772 tuos
563 3707 603 3770 de
631 3708 694 3770 hoc
725 3708 817 3770 fonte
849 3707 998 3790 perenni,
1027 3709 1084 3791 qui
1115 3731 1151 3772 es
1183 3710 1329 3794 Spiritus

172 3814 337 3888 veritatis,
352 3817 385 3875 et
398 3811 510 3875 enutri
526 3831 584 3874 eos
596 3811 636 3874 de
649 3811 712 3874 hoc
724 3810 823 3873 melle
837 3816 871 3873 et
880 3810 968 3874 lacte
980 3837 989 3889 3
1013 3816 1052 3874 tu
1064 3813 1163 3888 enim,
1176 3812 1330 3890 Domine,

173 3916 360 4002 promisisti
383 3915 538 3998 patribus
561 3915 698 3990 nostris,
716 3914 870 3989 Abrahae,
888 3914 984 3976 Isaac
1008 3920 1044 3978 et
1065 3914 1172 3979 Jacob
1194 3916 1329 3981 dicens:

173 4020 390 4084 Introducam
417 4039 476 4080 vos
504 4017 539 4079 in
565 4023 692 4081 terram
716 4016 997 4101 repromissionis,
1021 4022 1147 4083 terram
1173 4021 1332 4084 fluentem

175 4124 280 4186 lacet
300 4121 376 4184 mel.
424 4119 609 4204 Oonjunge,
627 4120 779 4195 Domine,
796 4118 940 4183 famulos
956 4125 1034 4184 tuos
1058 4120 1185 4206 Spiritu
1203 4123 1336 4197 Sancto,

176 4230 264 4292 sicut
280 4226 493 4308 conjunctum
517 4232 571 4290 est
594 4227 656 4289 hoc
672 4224 724 4289 lac
742 4231 777 4289 et
799 4225 915 4288 melin
940 4224 1075 4292 Christo
1090 4227 1172 4293 Jesu
1193 4228 1336 4293 Domino

172 4341 302 4406 nostro,
318 4351 379 4415 per
396 4352 504 4413 quem,
521 4329 643 4404 omnia,
660 4328 813 4392 Domine.
