2940 4996
526 403 726 468 Benedictio
747 401 959 464 Cteiamotia.
1253 402 1318 466 333

158 591 261 654 Jesus
276 590 434 655 Christus
456 590 622 656 Dominus
643 594 761 655 noster
783 588 893 653 lavari
916 611 937 654 a
951 589 1108 655 ,Iohanne
1132 589 1231 654 undis
1246 590 1322 656 Jor-

158 694 289 758 danicis
312 695 494 780 exegisset,
510 700 549 759 ut
572 695 700 779 Spiritu
717 694 839 758 Sancto
862 693 896 758 in
920 693 1080 758 columbae
1103 694 1322 759 similitudine

160 798 307 882 desuper
333 799 446 874 misso,
469 798 692 883 Unigenitum
718 802 825 874 tuum,
848 798 885 861 iu
908 819 974 882 quo
997 797 1060 863 tibi
1084 798 1209 885 optime
1235 819 1324 862 com·

161 899 347 983 placuisset
369 902 564 967 testimonio
588 901 827 984 subsequentis
854 902 946 965 vocis
974 902 1182 979 ostenderes,
1206 907 1242 967 et
1263 902 1327 965 hoc

161 1005 246 1070 illud
263 1026 337 1072 esse
353 1007 631 1072 manifestissime
647 1007 896 1091 comprobares,
913 1006 1002 1091 qnod
1018 1028 1094 1070 eum
1110 1005 1184 1071 oleo
1201 1005 1326 1071 laetitiae

154 1129 227 1194 prae
243 1110 458 1174 consortibus
474 1111 546 1174 suis
561 1109 780 1195 unguendum
798 1108 908 1174 David
924 1108 1091 1193 propheta
1107 1109 1296 1173 cecinisset.

206 1211 264 1289 Te,
280 1213 396 1298 igitur,
412 1213 643 1298 deprecamur,
660 1212 813 1288 Domine,
839 1216 955 1276 sancte
978 1211 1091 1286 Pater,
1108 1210 1321 1296 omnipotens

162 1320 287 1381 eterne
318 1316 422 1394 Deus,
453 1339 515 1402 per
545 1317 686 1381 eundem
717 1315 835 1380 Jesum
867 1314 1038 1379 Christum
1070 1314 1196 1379 Filium
1226 1320 1323 1380 tuum

161 1417 339 1483 Dominum
349 1427 515 1497 nostrum,
529 1422 632 1504 uthnj
638 1441 677 1484 us
690 1424 852 1484 creature
863 1418 1100 1504 pinguedinem
1113 1418 1322 1484 sanctificare

161 1528 222 1586 tua
247 1522 479 1588 benedictione
507 1523 668 1608 digneris,
697 1526 731 1587 et
759 1521 877 1586 Sancti
906 1520 1053 1606 Spiritus
1080 1520 1112 1584 ei
1138 1521 1323 1587 admiscere

162 1626 323 1690 virtutem
354 1631 555 1712 cooperante
587 1625 740 1711 potentia
774 1624 902 1689 Christi
932 1623 994 1700 tui,
1025 1643 1046 1686 a
1076 1623 1173 1705 cnjus
1207 1629 1325 1690 sancto

161 1729 296 1793 nomine
312 1730 457 1794 chrisma
469 1751 588 1794 nomen
601 1729 741 1813 accepit,
753 1729 841 1790 unde
853 1727 981 1791 unxisti
998 1727 1202 1805 sacerdotes,
1215 1748 1324 1813 reges,

159 1834 343 1918 prophetas
359 1839 395 1899 et
417 1839 593 1918 martyres,
609 1838 649 1896 ut
672 1833 717 1896 sit
738 1831 792 1895 his
808 1831 865 1914 qui
888 1830 998 1895 renati
1019 1830 1148 1895 suerint
1169 1852 1210 1894 ex
1233 1852 1322 1916 aqua-

159 1940 195 1999 et
211 1936 338 2020 Spiritu
362 1936 486 2002 Sancto
503 1937 648 2001 chrisma
671 1934 802 2010 salutis,
820 1954 943 2017 eoaque
966 1939 1096 1998 aeternae
1117 1936 1193 1998 vitae
1215 1934 1320 2018 parti·

163 2038 255 2122 cipes
270 2044 305 2103 et
321 2039 468 2104 eoelestis
484 2039 600 2124 gloriae
615 2038 721 2102 facias
738 2058 813 2101 esse
830 2041 1014 2100 consortes.
1059 2035 1126 2099 Per
1140 2037 1292 2099 eundem.

205 2141 389 2199 Eeorciemua
403 2142 467 2200 olei.

168 2233 169 2236 ’
207 2234 310 2313 Deus,
322 2237 380 2320 qui
396 2237 521 2301 virtute
538 2235 652 2300 Sancti
670 2234 818 2318 Spiritus
834 2233 885 2297 tui
898 2231 1143 2296 imbecillarum
1158 2234 1320 2300 mentium

160 2339 351 2404 rudimenta
381 2339 579 2415 confirmas3
610 2345 645 2402 te
676 2357 823 2412 oramus,
851 2335 1004 2412 Domine,
1031 2339 1071 2399 ut
1097 2338 1250 2400 venturis
1276 2337 1319 2402 ad

163 2441 269 2504 beatae
284 2443 553 2525 regenerationis
575 2441 747 2505 lavacrum
771 2440 902 2503 tribuas
925 2459 986 2522 per
1008 2437 1198 2502 unctionem
1221 2439 1322 2507 istius

164 2548 326 2608 creaturae
356 2545 592 2629 purgationem
621 2543 745 2608 mentis
773 2546 807 2606 et
834 2542 996 2625 corporis,
1024 2546 1062 2606 ut
1088 2542 1114 2605 si
1148 2563 1220 2625 quae
1249 2542 1322 2607 illis

164 2646 413 2712 adversantium
425 2647 604 2733 spirituum
620 2647 784 2711 inhaesere
799 2645 961 2729 reliquiae,
971 2646 1013 2709 ad
1029 2648 1157 2710 tactum
1174 2646 1320 2711 sanetifi-

164 2750 231 2813 cati
247 2749 312 2812 olei
335 2751 436 2833 hujus
459 2751 652 2826 abscedant,
668 2749 783 2813 nullus
799 2748 1011 2834 spiritalibus
1033 2749 1195 2832 nequitiis
1217 2749 1322 2826 locus,

164 2853 257 2917 nulla
272 2853 400 2938 refugis
416 2855 599 2919 virtutibus
623 2831 840 2929 sit⁰facultas,
857 2852 952 2916 nulla
967 2852 1206 2918 insidiantibus
1221 2852 1321 2917 malis

165 2956 292 3019 latendi
315 2956 452 3021 licentia
474 2956 697 3040 relinquatur,
714 2956 772 3020 sed
789 2956 1003 3019 venientibus
1026 2954 1069 3018 ad
1091 2955 1189 3017 fidem
1214 2956 1322 3019 servis

163 3060 233 3123 tuis
249 3064 284 3123 et
301 3059 414 3124 Sancti
431 3060 576 3143 Spiritus
594 3061 643 3125 tui
659 3061 853 3145 operatione
869 3057 1079 3132 mundandis,
1093 3058 1137 3121 sit
1154 3058 1322 3122 unctionis

164 3160 265 3242 hujus
295 3159 488 3243 preparatio
522 3161 617 3224 utilis
648 3162 689 3225 ad
722 3159 876 3234 salutem,
908 3177 1008 3240 quam
1043 3156 1143 3220 etiam
1175 3156 1321 3220 coelestis

165 3263 431 3347 regenerationis
465 3264 642 3327 nativitate
677 3264 712 3326 in
750 3265 960 3326 sacramento
996 3265 1075 3324 sunt
1108 3259 1322 3343 baptismatis

165 3364 330 3446 adepturi.
375 3364 440 3427 Per
469 3364 647 3427 Dominum
675 3369 826 3428 nostrum
853 3362 969 3426 Jesum
1000 3361 1171 3426 Christum
1198 3359 1321 3425 Filium

166 3473 270 3542 tuum,
287 3466 345 3548 qui
361 3473 523 3530 venturus
539 3472 591 3531 est·
611 3467 761 3551 judicare
777 3466 873 3529 vivos
889 3470 923 3529 et
946 3469 1097 3529 mortuos
1114 3470 1148 3528 et
1164 3462 1321 3527 saeculum

168 3570 366 3655 perignem.
411 3571 528 3634 Amen.
