2940 4996
495 420 679 486 Dedicatio
694 419 867 485 Ecclesia·
1218 414 1259 478 69

96 621 208 685 sacris
230 624 398 707 mysteriis
421 625 618 703 institutam,
640 626 918 689 clementissimus
939 623 1062 698 dedica,
1082 621 1262 685 miseratus

96 723 281 810 illusffitra,
294 731 453 811 perpetuo
466 728 639 811 splendore
652 728 797 793 clarifica
811 733 846 791 et
856 725 1093 805 benesledicit03
1117 744 1261 787 omnem-

99 848 168 910 que
198 828 363 891 hominem
397 829 584 893 venientem
615 831 754 894 adorare
782 836 816 894 te
850 831 884 892 in
918 829 991 892 loco
1019 828 1081 891 hcc
1110 826 1263 911 placatus

101 929 253 1006 admitte,
275 931 438 1016 propitius
462 933 599 1017 dignare
622 932 789 1016 reciperc3
812 935 847 996 et
868 934 1005 1016 propter
1026 950 1145 993 nomen
1167 934 1261 992 tuum

104 1054 262 1117 magnum
278 1040 313 1097 et
327 1056 460 1098 manum
472 1035 592 1098 fortem
608 1040 641 1099 et
657 1035 827 1099 brachium
844 1034 1008 1097 excelsum
1025 1033 1058 1096 in
1072 1031 1264 1096 habitaculo

104 1136 173 1198 hoc
196 1135 420 1219 supplicantes
442 1137 550 1201 libens
571 1143 720 1223 protege,
743 1138 921 1222 dignanter
944 1136 1118 1199 exaudiet
1143 1140 1266 1198 aeterna

104 1241 312 1324 protectione
345 1262 514 1317 conserva,
543 1248 581 1305 ut
612 1262 742 1326 semper
771 1241 886 1304 felices
917 1261 1111 1323 semperque
1140 1239 1175 1300 in
1205 1241 1265 1302 tua

104 1342 267 1427 religione
280 1342 441 1420 laetantes,
454 1350 646 1408 constantes
657 1346 691 1407 in
708 1350 828 1408 sanctae
840 1344 1016 1407 Trinitatis
1027 1343 1090 1404 fide
1101 1340 1265 1405 catholica

105 1452 332 1529 perseverent.
377 1447 441 1510 Per
456 1447 633 1511 Dominum
649 1452 800 1510 nostrum
823 1445 938 1510 Jesum
955 1445 1126 1510 Christum
1142 1443 1265 1508 Filium

107 1554 215 1624 tuum,
232 1549 288 1631 qui
303 1556 422 1613 tecum.

150 1653 196 1714 In
212 1654 322 1716 medio
338 1652 486 1716 ccclesiae
495 1654 671 1736 proesctio.

151 1754 219 1817 Per
235 1754 346 1818 omnia
362 1755 480 1818 saecula
496 1755 699 1820 saeculorum.
744 1755 859 1819 Amen.

152 1855 315 1920 Dominus
330 1857 509 1921 vobiscum.

152 1961 198 2023 Et
213 1981 287 2022 cum
303 1959 422 2043 spiritu
437 1965 505 2024 tuo.

153 2062 291 2125 Sursum
307 2063 416 2126 corda.

150 2165 325 2230 Habemus
340 2167 381 2230 ad
397 2165 584 2229 Dominum.

150 2267 290 2331 Gratias
306 2289 445 2354 agamus
460 2268 602 2332 Domino
616 2266 688 2333 Deo
703 2272 830 2334 nostro.

154 2371 304 2456 Dignum
320 2376 355 2435 et
367 2373 494 2454 justum
510 2375 571 2436 est.

152 2474 245 2538 Vere
268 2473 402 2560 dignum
422 2478 456 2538 et
479 2474 608 2557 justum
637 2479 699 2550 est,
721 2496 848 2559 aequum
876 2477 911 2539 et
933 2472 1092 2551 salutare,
1115 2495 1178 2540 nos
1204 2474 1265 2540 tibi

109 2598 242 2661 semper
264 2582 298 2641 et
312 2577 444 2660 ubique,
459 2580 588 2662 gratias
610 2598 720 2662 agere,
736 2578 876 2641 Domine
900 2583 1023 2654 sancte,
1040 2579 1140 2643 Pater
1162 2579 1266 2642 omni-

109 2687 239 2766 potens,
254 2685 374 2744 aeterne
390 2680 490 2744 Deus.
535 2680 662 2745 Adesto
677 2681 831 2765 precibus
853 2681 998 2745 nostrisz
1022 2681 1138 2746 adesto
1159 2703 1269 2746 sacra-

109 2784 242 2860 mentis,
254 2782 369 2847 adesto
379 2783 479 2846 etiam
490 2783 553 2868 piis
565 2784 764 2847 famulorum
774 2790 907 2848 tuorum
917 2783 1097 2860 laboribus,
1107 2786 1268 2868 nobisque

110 2884 370 2950 misericordiam
393 2889 485 2948 tuam
500 2887 724 2970 poscentibus.
767 2885 957 2950 Descendat
977 2907 1106 2969 quoquc
1123 2887 1156 2949 in
1182 2889 1269 2950 hanc

111 2987 286 3055 ecclesiam
311 2992 402 3051 tuam
427 3007 525 3070 quam
551 2989 612 3051 sub
636 2988 844 3052 invocatione
865 2988 970 3052 sancti
991 2989 1134 3052 nominis
1160 2989 1209 3053 tui
1236 2988 1270 3051 in

110 3093 238 3154 bonore
262 3088 368 3152 sancti
391 3089 434 3151 N.
451 3089 576 3174 indigni
600 3111 843 3166 consecramus,
860 3089 1004 3173 Spiritus
1029 3091 1170 3154 Sanctus
1192 3097 1271 3154 tuus

112 3190 317 3276 septiformis
329 3190 445 3275 gratiae
457 3192 608 3255 ubertate
624 3193 821 3269 redundans,
835 3197 871 3256 ut
887 3193 1147 3277 quotiescunque
1160 3192 1192 3254 in
1209 3194 1271 3256 hac

111 3299 209 3360 domo
232 3301 291 3359 tua
312 3301 463 3358 sanctum
486 3301 579 3359 tuum
598 3318 717 3360 nomen
740 3296 842 3360 fuerit
863 3297 1063 3373 invocatum,
1079 3317 1191 3359 eorum
1215 3298 1272 3379 qui

111 3397 341 3462 invocaverint
357 3418 376 3460 a
392 3401 425 3460 te
442 3397 496 3480 pio
512 3397 654 3462 Domino
669 3420 783 3483 preces
800 3399 1028 3464 exaudiantur.
1075 3399 1102 3462 Ο
1118 3401 1216 3462 beata
1239 3405 1274 3462 et

113 3507 231 3565 sancta
252 3498 409 3574 Trinitas,
436 3520 507 3582 quae
535 3502 644 3565 omnia
669 3502 834 3586 purificas,
859 3501 969 3565 omnia
990 3502 1140 3577 mundas,
1164 3501 1274 3565 omnia

112 3623 277 3679 exornas3
307 3601 334 3666 Ο
360 3602 459 3665 beata
484 3603 644 3685 majestas
666 3603 740 3680 Dei,
764 3625 834 3688 quae
860 3611 979 3667 cuncta
1003 3604 1131 3688 impleS,
1155 3609 1274 3668 cuncta

113 3707 275 3779 contines,
311 3710 494 3788 cunctaque
533 3705 704 3790 disponis3
743 3705 770 3770 Ο
801 3707 902 3770 beata
935 3712 971 3770 et
1008 3711 1124 3769 sancta
1155 3726 1273 3770 manus

113 3806 260 3882 Domini,
276 3827 349 3889 quae
371 3806 481 3870 omnia
503 3808 701 3883 sanctificas,
723 3808 834 3872 omnia
856 3808 1032 3883 benedicis,
1055 3807 1165 3872 omnia
1186 3808 1275 3872 locu-

112 3911 225 3996 pletas
236 3932 243 3984 ;
261 3907 289 3972 Ο
302 3914 416 3972 sancte
430 3914 617 3972 sanctorum
629 3908 740 3985 Deus;
764 3916 856 3973 tuam
868 3908 1077 3973 clementiam
1089 3911 1275 3974 humillima

112 4013 291 4078 devotione
307 4012 522 4096 deposcimus,
534 4018 572 4075 ut
586 4012 670 4075 hanc
683 4012 854 4076 ecclesiam
871 4017 1061 4095 pernostra
1076 4013 1277 4078 humilitatis

112 4115 325 4190 famulatum,
357 4115 392 4178 in
429 4115 554 4178 honore
591 4114 697 4178 sancti
731 4115 781 4178 tui
819 4115 862 4178 N.
898 4115 1122 4201 parii-ficare,
1156 4118 1277 4203 beneq<

112 4220 234 4293 dicere,
251 4214 549 4300 conseelscrareque
572 4221 732 4300 perpetua
755 4218 1024 4281 sanctificationis
1045 4221 1109 4282 tuae
1125 4220 1276 4283 ubertate

113 4320 307 4407 [digneris];
323 4318 377 4382 hic
387 4339 514 4404 quoque
526 4319 714 4383 sacerdotes
727 4319 921 4383 sacrificium
933 4320 993 4384 tibi
1007 4320 1115 4383 laudis
1126 4322 1279 4398 offerant,

111 4425 167 4488 hic
199 4421 317 4486 fideles
348 4421 460 4506 populi
491 4428 568 4487 vota
601 4420 820 4507 persolvant3
851 4423 905 4487 hic
936 4427 1145 4506 peccatorum
1177 4444 1277 4487 onera
