2940 4996
547 444 753 507 ordination
770 439 877 504 Lista.
1060 467 1061 470 ¹
1221 430 1284 496 367

183 613 346 677 Ricardus
362 615 496 679 Wiison
514 617 555 680 ad
572 615 845 681 titulumsdomus
861 610 1057 676 monialium
1073 608 1113 671 de
1130 604 1280 670 Marrike

184 718 391 782 Laurentius
408 719 582 804 Herryson
596 720 638 782 ad
653 716 791 782 titulum
803 716 1000 780 monasterii
1018 715 1058 777 (16
1070 710 1171 776 Valle
1185 707 1293 793 regali

184 822 353 886 Henrious
370 824 519 887 Pereson
536 824 577 887 ad
594 823 731 888 titulum
748 823 866 886 domus
882 820 1077 883 monialium
1095 818 1135 879 de
1152 813 1284 879 Marrik

183 923 369 990 Edwardus
401 927 580 991 Middiiton
615 928 656 992 ad
690 924 827 990 titulum
862 925 982 988 domus
1016 921 1213 986 monialium
1247 917 1287 980 (16

1028 1024 1286 1107 016666166666

180 1134 328 1197 Thomas
346 1133 525 1199 Stanterell
541 1135 583 1199 ad
600 1134 735 1198 titulum
753 1133 925 1217 prioratus
941 1131 980 1194 de
998 1127 1232 1193 Birkehewide

183 1237 349 1300 Ricardus
366 1237 482 1320 Smyth
499 1239 540 1301 ad
558 1237 694 1302 titulum
711 1238 883 1321 prioratus
898 1236 938 1299 de
955 1231 1140 1299 Oartemell

183 1338 367 1404 Wilfridus
384 1342 589 1427 Soatergode
605 1343 647 1405 ad
663 1343 801 1407 titulum
818 1343 992 1427 prioratus
1008 1340 1047 1403 de
1065 1332 1247 1402 Oartemell

179 1443 352 1530 vGeorgius
371 1445 545 1530 Singleton
563 1448 604 1511 ad
621 1447 757 1512 titulum
774 1447 945 1532 prioratus
960 1445 1000 1508 (16
1017 1441 1225 1507 Ookirsaund

185 1548 350 1613 Ricardus
368 1545 512 1614 Hudson
529 1553 570 1616 ad
587 1552 723 1617 titulum
741 1555 912 1637 prioratus
928 1551 968 1614 de
986 1546 1168 1614 Cartemell

145 1730 147 1735 Ι
188 1652 383 1717 Willelmus
399 1655 609 1720 Thirnebeke
627 1658 668 1720 ad
684 1656 822 1722 titulum
839 1654 1037 1720 monasterii
1053 1653 1094 1716 (16
1110 1652 1233 1735 Heppa

186 1756 334 1820 Jacobus
351 1758 512 1841 Tailyour
527 1760 568 1824 ad
584 1761 722 1824 titulum
740 1761 939 1824 monasterii
955 1760 995 1822 de
1011 1756 1230 1843 Oonysheude

188 1861 209 1924 J
211 1862 359 1926 ohannes
375 1863 526 1927 Alanson
542 1866 583 1928 ad
600 1866 737 1929 titulum
754 1865 953 1929 monasterii
969 1864 1010 1928 de
1027 1861 1234 1928 Ookirsaund

188 1965 329 2030 Otueius
344 1967 502 2052 Bellarby
518 1970 560 2032 ad
576 1969 712 2033 titulum
728 1970 924 2034 monasterii
940 1970 980 2033 de
997 1968 1017 2031 J
1020 1967 1149 2032 erovall

188 2071 363 2134 Mattheus
381 2072 512 2136 Wilson
530 2074 571 2137 ad
588 2075 724 2138 titulum
740 2076 859 2139 domus
876 2073 1071 2138 monialium
1088 2073 1129 2136 de
1145 2071 1277 2136 Marrik

188 2174 380 2237 Alexander
409 2175 597 2241 Fowseroft
627 2178 670 2242 ad
700 2179 838 2242 titulum
872 2179 991 2242 domus
1021 2176 1220 2240 monasterii
1250 2176 1291 2239 de

1084 2281 1292 2346 Ookirsaund

193 2379 452 2468 Christopherus
469 2387 638 2470 Burghtes
654 2387 695 2450 ad
712 2386 850 2452 titulum
867 2389 1040 2472 prioratus
1055 2387 1095 2450 (16
1112 2385 1226 2470 Felley

193 2483 453 2572 Christopherus
478 2491 655 2575 Mighalgh
680 2492 722 2555 ad
745 2492 883 2556 titulum
906 2491 1101 2555 monasterii
1119 2491 1160 2554 de
1183 2490 1296 2554 0666·-

1188 2594 1294 2658 saund
1342 2611 1347 2621 ·

196 2692 378 2757 Edwardus
393 2696 495 2759 Prate
512 2696 553 2759 6(1
569 2697 705 2760 titulum
721 2673 840 2762 domus
856 2699 1053 2763 monialium
1070 2698 1110 2762 de
1127 2698 1278 2762 Ellerton

195 2799 362 2864 Ricardus
378 2803 509 2866 Turner
525 2795 571 2866 ad¹
583 2804 718 2867 titulum
734 2806 908 2891 prioratus
924 2807 963 2871 de
980 2807 1008 2870 F
1010 2807 1095 2890 elley

196 2903 229 2966 It
245 2903 313 2965 will
330 2907 370 2967 be
388 2927 468 2968 seen
485 2907 561 2970 that
577 2906 684 2970 inohe
701 2910 805 2973 above
823 2910 884 2975 list
899 2911 996 2973 there
1012 2931 1100 2973 were
1117 2910 1277 2975 ordained
1310 2952 1317 2963 ι

196 3006 353 3091 Acolytes
483 3009 525 3071 42
609 3011 646 3073 of
659 3013 765 3074 whom
937 3015 1240 3098 lwasaregular.

196 3109 409 3174 Subdeaoons
486 3114 528 3175 30
912 3120 952 3179 11
971 3139 1059 3180 were
1075 3118 1239 3202 regulare.

196 3212 350 3277 Deaoons
485 3216 527 3279 50

198 3318 325 3382 Priests
485 3321 525 3383 62

199 3558 232 3621 11
247 3581 319 3642 may
337 3560 376 3622 be
394 3561 499 3623 worth
517 3560 615 3623 while
632 3567 666 3624 16
691 3563 821 3645 subjoin
838 3567 895 3629 the
913 3570 1074 3632 numbers
1087 3525 1253 3634 66161666
1269 3571 1304 3633 in

157 3664 289 3725 various
304 3684 402 3746 years
418 3663 520 3726 taken
536 3664 652 3748 nearly
669 3672 703 3728 61
721 3670 859 3731 random
876 3671 961 3755 from
978 3673 1033 3735 the
1050 3674 1224 3758 registers.

198 3766 267 3828 The
283 3766 358 3828 first
375 3766 434 3828 list
457 3767 486 3829 is
502 3767 536 3828 in
553 3769 766 3855 Arohbishop
784 3771 940 3840 (iiffard’s
965 3775 1123 3862 Register
1134 3802 1143 3855 ;
1167 3778 1243 3841 held
1267 3784 1303 3842 at

156 3869 254 3952 Blyth
271 3891 312 3931 66
330 3869 421 3952 Sept.
438 3870 492 3932 20.
511 3870 636 3936 12764

199 3975 308 4036 There
326 3995 412 4036 were
429 3974 588 4071 ordained

372 4077 530 4162 Acolytes
634 4083 696 4144 149

373 4182 585 4247 Subdeaoons
652 4188 695 4249 40

371 4286 523 4350 11666666
614 4324 616 4329 ·
649 4290 690 4356 77
736 4293 773 4355 of
786 4296 892 4358 whom
938 4279 1000 4360 35‘
1033 4319 1119 4361 were
1135 4299 1297 4383 regulare.

371 4391 504 4456 Priests
634 4395 710 4492 Q
747 4449 882 4464 ......
932 4403 974 4463 38
1110 4453 1144 4467 ..

643 4518 707 4580 353
916 4491 993 4588 *w*
