2940 4996
155 387 220 450 324
490 394 534 458 Ia
554 397 782 462 ordinatione
798 397 977 480 Episcopi.

156 619 215 661 nec
256 599 423 683 glorietur
467 607 637 687 potestate
677 625 777 688 quam
823 604 945 668 tribuis
983 603 1017 665 iu
1061 597 1307 665 aedificationem

156 709 189 765 et
235 724 301 766 non
339 705 373 766 in
418 705 707 782 destructionem
753 696 971 791 quodcunque
1016 703 1177 789 ligaverit
1214 720 1310 783 super

155 814 292 881 terram,
329 808 374 870 sit
407 808 549 892 ligatum
583 815 619 872 et
650 811 685 872 in
719 811 821 886 coelis,
853 817 890 874 et
920 807 1141 893 quodcunque
1175 801 1311 868 solverit

158 930 259 993 super
288 918 425 987 terram,
454 913 501 976 sit
527 913 674 976 solutum
701 919 737 978 et
762 915 797 977 in
828 913 937 990 coelis;
965 932 1106 992 quorum
1132 907 1312 973 detinuerit

157 1019 305 1096 peccata,
328 1015 465 1079 detenta
489 1016 567 1091 sint,
583 1023 617 1079 et
641 1037 781 1099 quorum
805 1017 982 1091 dimiserit,
998 1020 1037 1079 tu
1060 1015 1234 1078 dimittas:
1256 1010 1310 1094 qui

156 1117 365 1182 benedixerit
391 1119 433 1193 ei,
461 1120 507 1183 sit
532 1120 738 1196 benedictus,
763 1126 798 1185 et
824 1121 881 1204 qui
907 1117 1121 1183 maledixerit
1146 1116 1189 1192 ei,
1214 1114 1311 1179 male·

155 1220 356 1285 dictionibus
383 1221 564 1305 repleatur.
611 1223 663 1287 Sit
689 1222 798 1287 fidelis
827 1244 945 1288 servus
973 1228 1007 1287 et
1033 1221 1192 1305 prudens
1216 1240 1310 1303 quem

157 1326 358 1400 constituae,
370 1326 523 1403 Domine,
534 1348 635 1412 super
649 1328 812 1392 familiam
828 1335 931 1405 tuam,
945 1333 983 1392 ut
997 1328 1055 1391 det
1069 1326 1139 1389 illis
1155 1325 1264 1389 cibum
1280 1323 1311 1384 in

158 1438 308 1515 tempore
324 1432 525 1507 necessario,
541 1437 580 1496 ut
595 1433 754 1497 exhibeat
777 1454 911 1497 omnem
927 1432 1095 1495 hominem
1118 1431 1312 1514 perfectum.

160 1535 212 1598 Sit
224 1535 448 1599 sollicitudine
461 1536 613 1620 impiger,
627 1537 673 1601 sit
685 1537 807 1622 spiritu
817 1537 970 1612 fervens3
994 1535 1104 1600 oderit
1115 1532 1313 1619 superbiam,

159 1638 280 1722 diligat
305 1639 490 1714 veritatem,
514 1661 575 1702 uec
599 1662 673 1703 eam
696 1662 840 1724 uuquam
865 1641 1011 1715 deserat,
1034 1645 1093 1703 aut
1117 1636 1314 1703 lassitudine

158 1746 217 1804 ant
232 1743 352 1804 timore
369 1747 560 1825 superatus.
605 1743 683 1807 Non
706 1748 810 1827 ponat
825 1743 933 1807 lucem
955 1743 1126 1818 tenebras,
1142 1762 1203 1804 nec
1226 1747 1313 1804 tene·

158 1845 237 1907 bras
264 1843 391 1920 lucem3
420 1865 485 1906 non
513 1845 603 1908 dicat
628 1846 751 1909 malum
783 1848 918 1922 bonum,
946 1866 1006 1909 nec
1030 1846 1155 1908 bonum
1180 1843 1312 1907 malum.

158 1948 209 2011 Sit
225 1947 436 2030 sapientibus
448 1954 482 2012 et
494 1949 731 2032 insipientibus
743 1950 886 2026 debitor,
898 1954 937 2013 ut
953 1951 1095 2013 fructum
1111 1949 1153 2011 de
1164 1948 1313 2032 profectu

157 2053 305 2118 omnium
328 2058 565 2136 consequatur.
610 2054 754 2120 Tribuas
776 2056 818 2131 ei,
834 2055 987 2131 Domine,
1010 2053 1205 2118 cathedram
1228 2052 1312 2136 epis-

157 2158 307 2242 copalem
332 2157 374 2221 ad
390 2157 570 2241 regendam
587 2157 773 2223 Ecclesiam
788 2164 882 2223 tuam
905 2163 939 2222 et
958 2158 1089 2241 plebem
1105 2158 1314 2220 universam:

159 2261 207 2325 sis
230 2262 260 2324 ei
285 2261 482 2335 auctoritas,
500 2260 547 2323 sis
570 2261 600 2324 ei
623 2262 776 2338 firmitas,
794 2262 840 2324 sis
864 2261 894 2324 ei
916 2265 1089 2344 potestas:
1112 2260 1313 2344 multiplices

160 2385 352 2448 supereum
368 2363 631 2427 benedictionem
649 2370 684 2429 et
705 2365 852 2449 gratiam
874 2369 981 2440 tuam,
996 2369 1036 2426 ut
1055 2363 1098 2428 ad
1113 2363 1312 2426 exorandam

159 2466 426 2530 misericordiam
448 2470 543 2530 tuam
566 2471 625 2530 tuo
641 2487 779 2531 munere
803 2487 936 2550 semper
958 2465 1110 2542 idoneus,
1125 2470 1188 2530 tua
1201 2467 1311 2550 gratia

159 2570 269 2653 possit
285 2591 360 2633 esse
377 2569 529 2633 devotus.
573 2569 648 2633 Per.

198 2675 293 2751 Super·
307 2674 411 2730 oblato.

205 2772 353 2855 suscipe,
380 2771 533 2847 Domine,
561 2791 759 2853 quaesumus,
786 2791 925 2834 munera
950 2759 1022 2854 quae
1051 2769 1114 2834 tibi
1146 2771 1313 2834 offerimus

160 2898 220 2960 pro
243 2874 370 2938 famulo
394 2881 451 2937 tuo
475 2874 527 2936 ill.
545 2881 580 2937 et
595 2874 761 2957 propitius
784 2874 818 2937 in
842 2875 956 2938 eodem
980 2880 1039 2938 tua
1062 2874 1151 2938 dona
1173 2873 1311 2938 custodi.

157 2984 222 3045 Per
236 2977 414 3042 Dominum
430 2981 591 3040 nostrum.

200 3082 287 3159 Iussu
302 3080 449 3137 actionem.

201 3181 299 3244 Hanc
321 3178 428 3262 igitur
451 3176 654 3240 oblationem
677 3198 776 3259 quam
798 3177 861 3241 tibi
884 3178 1064 3254 offerimus,
1081 3177 1236 3256 Domine,
1253 3199 1308 3263 pro

157 3283 282 3349 famulo
313 3287 371 3345 tuo
402 3281 455 3342 ill.
486 3301 584 3362 quem
616 3280 658 3343 ad
689 3279 913 3363 pontificalem
941 3279 1083 3364 gloriam
1113 3300 1307 3364 promovere

156 3394 315 3475 dignatus
343 3408 390 3461 es,
417 3406 616 3468 quaesumus,
645 3385 796 3460 Domine,
823 3389 863 3449 ut
891 3385 1045 3469 placatus
1075 3386 1245 3470 accipias3
1274 3390 1309 3448 ut

156 3494 244 3578 quod
272 3490 384 3554 divino
408 3509 546 3551 munere
571 3494 770 3553 consecutus
795 3494 859 3564 est,
882 3495 944 3552 tua
973 3489 1007 3551 in
1039 3510 1079 3552 eo
1104 3491 1308 3573 protectione

156 3601 320 3661 firmetur.
367 3594 441 3656 Per.

196 3701 250 3757 Ad
264 3697 470 3775 corripiendum.

198 3796 335 3870 Adesto,
347 3792 537 3856 misericors
552 3790 655 3867 Deus,
667 3797 705 3855 ut
720 3793 807 3875 quod
821 3799 932 3857 actum
944 3797 1128 3857 estnostra
1138 3794 1307 3861 servitutis

154 3900 272 3974 offici0,
288 3904 348 3961 tua
363 3894 592 3959 benedictione
608 3896 771 3959 firmetur.
816 3897 889 3960 Per.

194 4002 246 4057 Aac
259 4000 405 4076 populum.

197 4096 385 4160 Ecclesiam
410 4100 513 4168 tuam,
536 4091 688 4170 Domine,
710 4095 877 4179 benignus
899 4093 1063 4170 illumina,
1079 4100 1120 4159 ut
1142 4101 1178 4159 et
1199 4095 1308 4182 gregis

152 4204 202 4266 tui
234 4197 388 4283 proficiat
417 4196 540 4279 ubique
571 4217 756 4274 successus,
789 4204 823 4261 et
852 4198 942 4282 grati
971 4199 1056 4262 fiant
1084 4200 1213 4262 nomini
1242 4205 1308 4275 tuo,

154 4314 187 4368 te
204 4305 422 4389 gubernante,
439 4307 603 4382 pastores.
650 4303 724 4365 Per.
